% Encoding: UTF-8
% Encoding UTF-8

@IEEEtranBSTCTL{IEEEexample:BSTcontrol,
  CTLdash_repeated_names = "no"
}

@article {Jaffe1913,
   author = {{Jaff\'e}, George},
    title = "{Zur Theorie der Ionisation in Kolonnen}",
  journal = {Annalen der Physik},
   volume = {347},
   number = {12},
publisher = {WILEY-VCH Verlag},
     issn = {1521-3889},
      url = {http://dx.doi.org/10.1002/andp.19133471205},
      doi = {10.1002/andp.19133471205},
    pages = {303--344},
     year = {1913},
}

@ARTICLE{Zwicky1933,
   author = {{Zwicky}, F.},
    title = "{Die Rotverschiebung von extragalaktischen Nebeln}",
  journal = {Helvetica Physica Acta},
     year = 1933,
   volume = 6,
    pages = {110-127},
   adsurl = {http://adsabs.harvard.edu/abs/1933AcHPh...6..110Z},
  adsnote = {Provided by the SAO/NASA Astrophysics Data System}
}

@ARTICLE{Bloch1935,
   author = {{Bloch}, F. and {Bradbury}, N.~E.},
    title = "{On the Mechanism of Unimolecular Electron Capture}",
  journal = {\pr},
     year = 1935,
    month = oct,
   volume = 48,
    pages = {689-695},
      doi = {10.1103/PhysRev.48.689},
   adsurl = {http://adsabs.harvard.edu/abs/1935PhRv...48..689B},
  adsnote = {Provided by the SAO/NASA Astrophysics Data System}
}

@ARTICLE{Bethe1937,
   author = {{Bethe}, H.~A.},
    title = "{Nuclear Physics B. Nuclear Dynamics, Theoretical}",
  journal = {\rmp},
     year = 1937,
    month = apr,
   volume = 9,
    pages = {69-244},
      doi = {10.1103/RevModPhys.9.69},
   adsurl = {http://adsabs.harvard.edu/abs/1937RvMP....9...69B},
  adsnote = {Provided by the SAO/NASA Astrophysics Data System}
}

@article{Onsager1938,
  title = "{Initial Recombination of Ions}",
  author = {{Onsager}, L.},
  journal = {\pr},
  volume = {54},
  issue = {8},
  pages = {554--557},
  numpages = {0},
  year = {1938},
  month = {Oct},
  publisher = {American Physical Society},
  doi = {10.1103/PhysRev.54.554},
}

@ARTICLE{Fano1947,
   author = {{Fano}, U.},
    title = "{Ionization Yield of Radiations. II. The Fluctuations of the Number of Ions}",
  journal = {\pr},
     year = 1947,
    month = jul,
   volume = 72,
    pages = {26-29},
      doi = {10.1103/PhysRev.72.26},
   adsurl = {http://adsabs.harvard.edu/abs/1947PhRv...72...26F},
  adsnote = {Provided by the SAO/NASA Astrophysics Data System}
}

@article{Primakoff1951,
   author = {{Primakoff}, H.},
    title = "{Photo-Production of Neutral Mesons in Nuclear Electric Fields and the Mean Life of the Neutral Meson}",
  journal = {\pr},
   volume = {81},
    issue = {5},
    pages = {899--899},
     year = {1951},
    month = {Mar},
publisher = {American Physical Society},
      doi = {10.1103/PhysRev.81.899},
}

@ARTICLE{Birks1951,
   author = {{Birks}, J.~B. and {Black}, F.~A.},
    title = "{Letters to the Editor:  Deterioration of Anthracene under {$\alpha$}-Particle Irradiation}",
  journal = {Proceedings of the Physical Society A},
     year = 1951,
    month = may,
   volume = 64,
    pages = {511-512},
      doi = {10.1088/0370-1298/64/5/112},
   adsurl = {http://adsabs.harvard.edu/abs/1951PPSA...64..511B},
  adsnote = {Provided by the SAO/NASA Astrophysics Data System}
}

@article{Watanabe1953a,
   author = {{Watanabe} ,K.  and {Inn} ,Edward C. Y.  and {Zelikoff}, Murray},
    title = "{Absorption Coefficients of Oxygen in the Vacuum Ultraviolet}",
  journal = {\jcp},
   volume = {21},
   number = {6},
    pages = {1026-1030},
     year = {1953},
      doi = {10.1063/1.1699104},
}

@article{Watanabe1953b,
   author = {{Watanabe}, K. and {Zelikoff}, Murray},
  journal = {\josa},
 keywords = {},
   number = {9},
    pages = {753--755},
publisher = {OSA},
    title = {Absorption Coefficients of Water Vapor in the Vacuum Ultraviolet},
   volume = {43},
    month = {Sep},
     year = {1953},
      doi = {10.1364/JOSA.43.000753},
}

@article{Bartlett1953,
   author = {{Bartlett}, M.~S.},
    title = "{Approximate Confidence Intervals: More Than One Unknown Parameter}",
  journal = {\bmtka},
   volume = {40},
   number = {3-4},
    pages = {306-317},
     year = {1953},
      doi = {10.1093/biomet/40.3-4.306},
}

@article{Helm1956,
  title = {Inelastic and Elastic Scattering of 187-Mev Electrons from Selected Even-Even Nuclei},
  author = {Helm, Richard H.},
  journal = {\pr},
  volume = {104},
  issue = {5},
  pages = {1466--1475},
  numpages = {0},
  year = {1956},
  month = {Dec},
  publisher = {American Physical Society},
  doi = {10.1103/PhysRev.104.1466},
}

@ARTICLE{Davis1962,
   author = {{Davis}, H.~T. and {Rice}, S.~A. and {Meyer}, L.},
    title = "{On the Kinetic Theory of Dense Fluids. XIII. The Mobility of Negative Ions in Liquid Ar, Kr, Xe}",
  journal = {\jcp},
     year = 1962,
    month = nov,
   volume = 37,
    pages = {2470-2472},
      doi = {10.1063/1.1733029},
   adsurl = {http://adsabs.harvard.edu/abs/1962JChPh..37.2470D},
  adsnote = {Provided by the SAO/NASA Astrophysics Data System}
}

@BOOK{Birks1964,
  TITLE = "{The Theory and Practice of Scintillation Counting}",
  AUTHOR = {{Birks}, J.B. and {Fry}, D.W. and {Costrell}, L. and {Kandiah}, K.},
  YEAR = {1964},
  PUBLISHER = {Elsevier},
  volume = {A volume in International Series of Monographs in Electronics and Instrumentation},
  isbn = {978-0-08-010472-0}
}

@article{Lindhard1965, 
  title   = {Integral Equations Governing Radiation Effects (Notes on Atomic Collisions, III)},
  author  = {Lindhard, J. and Nielsen, V. and Scharff, M. and Thomsen, P.V.},
  journal = {\mfmdvs},
  volume  = {Vol: 33: No. 10},
  year    = {1963},
  month   = {Jan}
}

@ARTICLE{Penzias1965,
   author = {{Penzias}, A.~A. and {Wilson}, R.~W.},
    title = "{A Measurement of Excess Antenna Temperature at 4080 Mc/s.}",
  journal = {\apj},
 keywords = {Microwave Background, Cosmic Background Radiation},
     year = 1965,
    month = jul,
   volume = 142,
    pages = {419-421},
      doi = {10.1086/148307},
   adsurl = {http://adsabs.harvard.edu/abs/1965ApJ...142..419P},
  adsnote = {Provided by the SAO/NASA Astrophysics Data System}
}

@techreport{Holkeboer1966,
   author = {{Holkeboer}, D.~H. and {Jones}, D.~W. and {Pagano}, F. and {Santeler}, D.~J.},
    title = "{Vacuum technology and space simulation}",
institution = {Aero. Vac. Corp.},
  address = {Troy, NY},
 abstract = {Manual on vacuum technology and space simulation},
   number = {19660026839},
     year = 1966,
    month = jan,
   volume = 14,
    pages = {315},
      url = {https://ntrs.nasa.gov/search.jsp?R=19660026839}
}

@ARTICLE{Sachs1967,
   author = {{Sachs}, R.~K. and {Wolfe}, A.~M.},
    title = "{Perturbations of a Cosmological Model and Angular Variations of the Microwave Background}",
  journal = {\apj},
     year = 1967,
    month = jan,
   volume = 147,
    pages = {73},
      doi = {10.1086/148982},
   adsurl = {http://adsabs.harvard.edu/abs/1967ApJ...147...73S},
  adsnote = {Provided by the SAO/NASA Astrophysics Data System}
}

@ARTICLE{Wagner1967,
   author = {{Wagner}, E.~B. and {Davis}, F.~J. and {Hurst}, G.~S.},
    title = "{Time-of-Flight Investigations of Electron Transport in Some Atomic and Molecular Gases}",
  journal = {\jcp},
     year = 1967,
    month = nov,
   volume = 47,
    pages = {3138-3147},
      doi = {10.1063/1.1712365},
   adsurl = {http://adsabs.harvard.edu/abs/1967JChPh..47.3138W},
  adsnote = {Provided by the SAO/NASA Astrophysics Data System}
}

@ARTICLE{Miller1968,
   author = {{Miller}, L.~S. and {Howe}, S. and {Spear}, W.~E.},
    title = "{Charge Transport in Solid and Liquid Ar, Kr, and Xe}",
  journal = {\pr},
     year = 1968,
    month = feb,
   volume = 166,
    pages = {871-878},
      doi = {10.1103/PhysRev.166.871},
   adsurl = {http://adsabs.harvard.edu/abs/1968PhRv..166..871M},
  adsnote = {Provided by the SAO/NASA Astrophysics Data System}
}

@ARTICLE{Bills1969,
   author = {{Bills}, D.~G.},
    title = "{Ultimate Pressure Limitations}",
  journal = {\jvst},
     year = 1969,
    month = jan,
   volume = 6,
    pages = {166},
      doi = {10.1116/1.1492650},
   adsurl = {http://adsabs.harvard.edu/abs/1969JVST....6..166B},
  adsnote = {Provided by the SAO/NASA Astrophysics Data System}
}

@ARTICLE{Herzenberg1969,
   author = {{Herzenberg}, A.},
    title = "{Attachment of Slow Electrons to Oxygen Molecules}",
  journal = {\jcp},
     year = 1969,
    month = dec,
   volume = 51,
    pages = {4942-4950},
      doi = {10.1063/1.1671887},
   adsurl = {http://adsabs.harvard.edu/abs/1969JChPh..51.4942H},
  adsnote = {Provided by the SAO/NASA Astrophysics Data System}
}

@ARTICLE{Rubin1970,
   author = {{Rubin}, V.~C. and {Ford}, Jr., W.~K.},
    title = "{Rotation of the Andromeda Nebula from a Spectroscopic Survey of Emission Regions}",
  journal = {\apj},
     year = 1970,
    month = feb,
   volume = 159,
    pages = {379},
      doi = {10.1086/150317},
   adsurl = {http://adsabs.harvard.edu/abs/1970ApJ...159..379R},
  adsnote = {Provided by the SAO/NASA Astrophysics Data System}
}

@article{Lorentz1973,
title = "{Excimer formation and decay processes in rare gases. Final report}",
author = {{Lorentz}, D.C. and {Eckstrom}, D.J. and {Huestis}, D.L.},
abstractNote = {},
place = {United States},
year = 1973,
month = 9
}

@ARTICLE{Takahashi1975,
   author = {{Takahashi}, T. and others},
    title = "{Average energy expended per ion pair in liquid xenon}",
  journal = {\pra},
     year = 1975,
    month = nov,
   volume = 12,
    pages = {1771-1775},
      doi = {10.1103/PhysRevA.12.1771},
   adsurl = {http://adsabs.harvard.edu/abs/1975PhRvA..12.1771T},
  adsnote = {Provided by the SAO/NASA Astrophysics Data System}
}

@article{Bakale1976,
   author = {{Bakale}, George and {Sowada}, Ulrich and {Schmidt}, Werner F.},
    title = "{Effect of an electric field on electron attachment to sulfur hexafluoride, nitrous oxide, and molecular oxygen in liquid argon and xenon}",
  journal = {\jpc},
   volume = {80},
   number = {23},
    pages = {2556-2559},
     year = {1976},
      doi = {10.1021/j100564a006},
}

@ARTICLE{Lorents1976,
   author = {{Lorents}, D.~C.},
    title = "{The physics of electron beam excited rare gases at high densities}",
  journal = {\pbc},
     year = 1976,
    month = mar,
   volume = 82,
    pages = {19-26},
      doi = {10.1016/0378-4363(76)90265-5},
   adsurl = {http://adsabs.harvard.edu/abs/1976PhyBC..82...19L},
  adsnote = {Provided by the SAO/NASA Astrophysics Data System}
}

@ARTICLE{Doke1976,
   author = {{Doke}, T. and {Hitachi}, A. and {Kubota}, S. and {Nakamoto}, A. and 
	{Takahashi}, T.},
    title = "{Estimation of Fano factors in liquid argon, krypton, xenon and xenon-doped liquid argon}",
  journal = {\nim},
     year = 1976,
    month = apr,
   volume = 134,
    pages = {353-357},
      doi = {10.1016/0029-554X(76)90292-5},
   adsurl = {http://adsabs.harvard.edu/abs/1976NucIM.134..353D},
  adsnote = {Provided by the SAO/NASA Astrophysics Data System}
}

@article{Yoshino1976,
  title = "{Effect of molecular solutes on the electron drift velocity in liquid Ar, Kr, and Xe}",
  author = {{Yoshino}, K. and {Sowada}, U. and {Schmidt}, W. F.},
  journal = {\pra},
  volume = {14},
  issue = {1},
  pages = {438--444},
  numpages = {0},
  year = {1976},
  month = {Jul},
  publisher = {American Physical Society},
  doi = {10.1103/PhysRevA.14.438},
}

@article{Tauchert1977,
   author = {{Tauchert}, W. and {Jungblut}, H. and {Schmidt}, W.~F.},
    title = "{Photoelectric determination of V$_0$ values and electron ranges in some cryogenic liquids}",
  journal = {\cjc},
   volume = {55},
   number = {11},
    pages = {1860-1866},
     year = {1977},
      doi = {10.1139/v77-260},
}

@ARTICLE{Peccei1977,
   author = {{Peccei}, R.~D. and {Quinn}, H.~R.},
    title = "{CP conservation in the presence of pseudoparticles}",
  journal = {\prl},
     year = 1977,
    month = jun,
   volume = 38,
    pages = {1440-1443},
      doi = {10.1103/PhysRevLett.38.1440},
   adsurl = {http://adsabs.harvard.edu/abs/1977PhRvL..38.1440P},
  adsnote = {Provided by the SAO/NASA Astrophysics Data System}
}

@ARTICLE{Nuvolone1977,
   author = {{Nuvolone}, R.},
    title = "{Technology of low-pressure systems-establishment of optimum conditions to obtain low degassing rates on 316 L stainless steel by heat treatments}",
  journal = {\jvst},
     year = 1977,
    month = sep,
   volume = 14,
    pages = {1210},
      doi = {10.1116/1.569388},
   adsurl = {http://adsabs.harvard.edu/abs/1977JVST...14.1210N},
  adsnote = {Provided by the SAO/NASA Astrophysics Data System}
}

@ARTICLE{Huang1978,
   author = {{Huang}, S.~S.-S. and {Freeman}, G.~R.},
    title = "{Electron mobilities in gaseous, critical, and liquid xenon: Density, electric field, and temperature effects: Quasilocalization}",
  journal = {\jcp},
 keywords = {Electrical properties, Liquid noble gases, Other topics in electronic transport in condensed matter},
     year = 1978,
    month = feb,
   volume = 68,
    pages = {1355-1362},
      doi = {10.1063/1.435954},
   adsurl = {http://adsabs.harvard.edu/abs/1978JChPh..68.1355H},
  adsnote = {Provided by the SAO/NASA Astrophysics Data System}
}

@ARTICLE{Kubota1978,
   author = {{Kubota}, S. and {Hishida}, M. and {Raun}, J.},
    title = "{Evidence for a triplet state of the self-trapped exciton states in liquid argon, krypton and xenon}",
  journal = {\jpcss},
     year = 1978,
    month = jun,
   volume = 11,
    pages = {2645-2651},
      doi = {10.1088/0022-3719/11/12/024},
   adsurl = {http://adsabs.harvard.edu/abs/1978JPhC...11.2645K},
  adsnote = {Provided by the SAO/NASA Astrophysics Data System}
}

@article{Kim1979,
  title = "{Weak-Interaction Singlet and Strong $\mathrm{CP}$ Invariance}",
  author = {{Kim}, J.~E.},
  journal = {\prl},
  volume = {43},
  issue = {2},
  pages = {103--107},
  numpages = {0},
  year = {1979},
  month = {Jul},
  publisher = {American Physical Society},
  doi = {10.1103/PhysRevLett.43.103},
}

@article{James1980,
   author = {{James}, F.},
    title = "{Interpretation of the shape of the likelihood function around its minimum}",
  journal = {\cpc},
   volume = 20,
   number = {1},
    pages = {29-35},
     year = 1980,
     issn = {0010-4655},
      doi = {10.1016/0010-4655(80)90103-4},
}

@article{Zhitnitsky1980,
   author = {{Zhitnitsky}, A.~R.},
    title = "{On Possible Suppression of the Axion Hadron Interactions}",
  journal = {\sjnp},
   volume = 31,
     year = 1980,
    pages = {260-263},
      url = {http://inspirehep.net/record/157263?ln=en}
}

@article{Shifman1980,
   author = {{Shifman}, M.~A. and {Vainshtein}, A.~I. and {Zakharov}, V.~I.},
    title = "{Can confinement ensure natural CP invariance of strong interactions?}",
  journal = {\npb},
     year = 1980,
    month = apr,
      day = 28,
      doi = {10.1016/0550-3213(80)90209-6},
   volume = 166,
    pages = {493--506},
     issn = {0550-3213},
publisher = {Elsevier},
   number = {3},
}

@ARTICLE{Deiters1981,
   author = {{Deiters}, K. and others},
    title = "{Test of a liquid argon multistrip ionization chamber with 8.5 {$\mu$} RMS resolution}",
  journal = {\nim},
     year = 1981,
    month = feb,
   volume = 180,
    pages = {45-52},
      doi = {10.1016/0029-554X(81)90008-2},
   adsurl = {http://adsabs.harvard.edu/abs/1981NucIM.180...45D},
  adsnote = {Provided by the SAO/NASA Astrophysics Data System}
}

@ARTICLE{Aleksandrov1981,
   author = {{Aleksandrov}, N.~L.},
    title = "{Breakup of O2/-/ ions in collisions with molecules}",
  journal = {\hts},
     year = 1981,
    month = mar,
   volume = 18,
    pages = {911-917},
   adsurl = {http://adsabs.harvard.edu/abs/1981HTemS..18..690A},
  adsnote = {Provided by the SAO/NASA Astrophysics Data System}
}

@article{Dine1981,
   author = {{Dine}, M. and {Fischler}, W. and {Srednicki}, M.},
    title = "{A simple solution to the strong CP problem with a harmless axion}",
  journal = {\plb},
   volume = 104,
   number = 3,
    pages = {199 - 202},
     year = {1981},
     issn = {0370-2693},
      doi = {10.1016/0370-2693(81)90590-6},
}

@ARTICLE{Gushchin1982,
   author = {{Gushchin}, E.~M. and {Kruglov}A.~A. and {Obodovskii} I.~M.},
    title = "{Electron dynamics in condensed argon and xenon}",
  journal = {\jetp},
     year = 1982,
    month = apr,
   volume = 82,
    pages = {1114-1125},
}

@ARTICLE{Preskill1983,
   author = {{Preskill}, J. and {Wise}, M.~B. and {Wilczek}, F.},
    title = "{Cosmology of the invisible axion}",
  journal = {\plb},
     year = 1983,
    month = jan,
   volume = 120,
    pages = {127-132},
      doi = {10.1016/0370-2693(83)90637-8},
   adsurl = {http://adsabs.harvard.edu/abs/1983PhLB..120..127P},
  adsnote = {Provided by the SAO/NASA Astrophysics Data System}
}

@ARTICLE{Hitachi1983,
   author = {{Hitachi}, A. and {Takahashi}, T. and {Funayama}, N. and {Masuda}, K. and 
	{Kikuchi}, J. and {Doke}, T.},
    title = "{Effect of ionization density on the time dependence of luminescence from liquid argon and xenon}",
  journal = {\prb},
     year = 1983,
    month = may,
   volume = 27,
    pages = {5279-5285},
      doi = {10.1103/PhysRevB.27.5279},
   adsurl = {http://adsabs.harvard.edu/abs/1983PhRvB..27.5279H},
  adsnote = {Provided by the SAO/NASA Astrophysics Data System}
}

@ARTICLE{Milgrom1983,
   author = {{Milgrom}, M.},
    title = "{A modification of the Newtonian dynamics as a possible alternative to the hidden mass hypothesis}",
  journal = {\apj},
 keywords = {Cosmology, Galactic Structure, Nonrelativistic Mechanics, Stellar Motions, Particle Acceleration, Solar System},
     year = 1983,
    month = jul,
   volume = 270,
    pages = {365-370},
      doi = {10.1086/161130},
   adsurl = {http://adsabs.harvard.edu/abs/1983ApJ...270..365M},
  adsnote = {Provided by the SAO/NASA Astrophysics Data System}
}

@ARTICLE{Drukier1986,
   author = {{Drukier}, A.~K. and {Freese}, K. and {Spergel}, D.~N.},
    title = "{Detecting cold dark-matter candidates}",
  journal = {\prd},
 keywords = {Radiation detectors},
     year = 1986,
    month = jun,
   volume = 33,
    pages = {3495-3508},
      doi = {10.1103/PhysRevD.33.3495},
   adsurl = {http://adsabs.harvard.edu/abs/1986PhRvD..33.3495D},
  adsnote = {Provided by the SAO/NASA Astrophysics Data System}
}

@ARTICLE{Christillin1986,
   author = {{Christillin}, P.},
    title = "{Nuclear Compton scattering}",
  journal = {\jpgnp},
     year = 1986,
    month = sep,
   volume = 12,
    pages = {837-851},
      doi = {10.1088/0305-4616/12/9/008},
   adsurl = {http://adsabs.harvard.edu/abs/1986JPhG...12..837C},
  adsnote = {Provided by the SAO/NASA Astrophysics Data System}
}

@ARTICLE{Thomas1987,
   author = {{Thomas}, J. and {Imel}, D.~A.},
    title = "{Recombination of electron-ion pairs in liquid argon and liquid xenon}",
  journal = {\pra},
 keywords = {Electron-ion scattering, excitation and ionization},
     year = 1987,
    month = jul,
   volume = 36,
    pages = {614-616},
      doi = {10.1103/PhysRevA.36.614},
   adsurl = {http://adsabs.harvard.edu/abs/1987PhRvA..36..614T},
  adsnote = {Provided by the SAO/NASA Astrophysics Data System}
}

@article{Feldman1988,
   author = {{Feldman}, G.~J. and {Cousins}, R.~D.},
    title = "{Unified approach to the classical statistical analysis of small signals}",
  journal = {Phys. Rev. D},
   volume = {57},
    issue = {7},
    pages = {3873--3889},
 numpages = {0},
     year = {1998},
    month = apr,
publisher = {American Physical Society},
      doi = {10.1103/PhysRevD.57.3873},
      url = {https://link.aps.org/doi/10.1103/PhysRevD.57.3873}
}

@ARTICLE{Doke1988,
   author = {{Doke}, T. and others},
    title = "{Let dependence of scintillation yields in liquid argon}",
  journal = {\nimpra},
     year = 1988,
    month = jun,
   volume = 269,
    pages = {291-296},
      doi = {10.1016/0168-9002(88)90892-3},
   adsurl = {http://adsabs.harvard.edu/abs/1988NIMPA.269..291D},
  adsnote = {Provided by the SAO/NASA Astrophysics Data System}
}

@ARTICLE{Ellis1988,
   author = {{Ellis}, J. and {Flores}, R.~A. and {Freese}, K. and {Ritz}, S. and 
	{Seckel}, D. and {Silk}, J.},
    title = "{Cosmic ray constraints on the annihilations of relic particles in the galactic halo}",
  journal = {\plb},
     year = 1988,
    month = nov,
   volume = 214,
    pages = {403-412},
      doi = {10.1016/0370-2693(88)91385-8},
   adsurl = {http://adsabs.harvard.edu/abs/1988PhLB..214..403E},
  adsnote = {Provided by the SAO/NASA Astrophysics Data System}
}

@article{Engel1991,
    title = "{Nuclear form factors for the scattering of weakly interacting massive particles}",
   author = {J. Engel},
  journal = {\plb},
   volume = {264},
   number = {1},
    pages = {114 - 119},
     year = {1991},
     issn = {0370-2693},
      doi = {10.1016/0370-2693(91)90712-Y},
}

@ARTICLE{Begeman1991,
   author = {{Begeman}, K.~G. and {Broeils}, A.~H. and {Sanders}, R.~H.},
    title = "{Extended rotation curves of spiral galaxies - Dark haloes and modified dynamics}",
  journal = {\mnras},
 keywords = {Galactic Mass, Galactic Rotation, Mass To Light Ratios, Spiral Galaxies, Dwarf Galaxies, Galactic Structure, Halos},
     year = 1991,
    month = apr,
   volume = 249,
    pages = {523-537},
      doi = {10.1093/mnras/249.3.523},
   adsurl = {http://adsabs.harvard.edu/abs/1991MNRAS.249..523B},
  adsnote = {Provided by the SAO/NASA Astrophysics Data System}
}

@ARTICLE{Smoot1991,
   author = {{Smoot}, G.~F. and others},
    title = "{First results of the COBE satellite measurement of the anisotropy of the cosmic microwave background radiation}",
  journal = {\asr},
 keywords = {Cosmic Background Explorer Satellite, Cosmology, Radiation Distribution, Relic Radiation, Angular Distribution, Calibrating, Horn Antennas, Microwave Radiometers, Satellite Instruments, Superheterodyne Receivers},
     year = 1991,
   volume = 11,
    pages = {193-205},
      doi = {10.1016/0273-1177(91)90490-B},
   adsurl = {http://adsabs.harvard.edu/abs/1991AdSpR..11..193S},
  adsnote = {Provided by the SAO/NASA Astrophysics Data System}
}

@ARTICLE{Ellis1991,
   author = {{Ellis}, J. and {Flores}, R.~A.},
    title = "{Elastic supersymmetric relic-nucleus scattering revisited}",
  journal = {\plb},
     year = 1991,
    month = jul,
   volume = 263,
    pages = {259-266},
      doi = {10.1016/0370-2693(91)90597-J},
   adsurl = {http://adsabs.harvard.edu/abs/1991PhLB..263..259E},
  adsnote = {Provided by the SAO/NASA Astrophysics Data System}
}

@ARTICLE{Pack1992,
   author = {{Pack}, J.~L. and {Voshall}, R.~E. and {Phelps}, A.~V. and {Kline}, L.~E.},
    title = "{Longitudinal electron diffusion coefficients in gases: Noble gases}",
  journal = {\jap},
     year = 1992,
    month = jun,
   volume = 71,
    pages = {5363-5371},
      doi = {10.1063/1.350555},
   adsurl = {http://adsabs.harvard.edu/abs/1992JAP....71.5363P},
  adsnote = {Provided by the SAO/NASA Astrophysics Data System}
}

@ARTICLE{Braem1992,
   author = {{Braem}, A. and others},
    title = "{Observation of the UV scintillation light from high energy electron showers in liquid xenon}",
  journal = {\nimpra},
     year = 1992,
    month = aug,
   volume = 320,
    pages = {228-237},
      doi = {10.1016/0168-9002(92)90780-8},
   adsurl = {http://adsabs.harvard.edu/abs/1992NIMPA.320..228B},
  adsnote = {Provided by the SAO/NASA Astrophysics Data System}
}

@ARTICLE{Hitachi1992,
   author = {{Hitachi}, A. and {Doke}, T. and {Mozumder}, A.},
    title = "{Luminescence quenching in liquid argon under charged-particle impact: Relative scintillation yield at different linear energy transfers}",
  journal = {\prb},
 keywords = {Other luminescence and radiative recombination, Other topics in electron and ion emission by liquids and solids and impact phenomena, Photochemistry},
     year = 1992,
    month = nov,
   volume = 46,
    pages = {11463-11470},
      doi = {10.1103/PhysRevB.46.11463},
   adsurl = {http://adsabs.harvard.edu/abs/1992PhRvB..4611463H},
  adsnote = {Provided by the SAO/NASA Astrophysics Data System}
}

@ARTICLE{Aleksandrov1993,
   author = {{Aleksandrov}, N.~L.},
    title = "{Three-body electron attachment to O$_{2}$(a$^{1}${$\Delta$}$_{g}$)}",
  journal = {\cpl},
     year = 1993,
    month = sep,
   volume = 212,
    pages = {409-412},
      doi = {10.1016/0009-2614(93)89346-J},
   adsurl = {http://adsabs.harvard.edu/abs/1993CPL...212..409A},
  adsnote = {Provided by the SAO/NASA Astrophysics Data System}
}

@ARTICLE{Hilt1994a,
   author = {{Hilt}, O. and {Schmidt}, W.~F. and {Khrapak}, A.~G},
    title = "{Ionic mobilities in liquid xenon}",
  journal = {\ieeetdei},
     year = 1994,
    month = aug,
   volume = 1,
    pages = {648-656},
      doi = {10.1109/94.311708},
}

@ARTICLE{Chepel1994,
   author = {{Chepel}, V.~Y. and {Lopes}, M.~I. and {Ferreira Marques}, R. and 
	{Policarpo}, A.~J.~P.~L.},
    title = "{Purification of liquid xenon and impurity monitoring for a PET detector}",
  journal = {\nimpra},
     year = 1994,
    month = oct,
   volume = 349,
    pages = {500-505},
      doi = {10.1016/0168-9002(94)91217-3},
   adsurl = {http://adsabs.harvard.edu/abs/1994NIMPA.349..500C},
  adsnote = {Provided by the SAO/NASA Astrophysics Data System}
}

@ARTICLE{Hilt1994b,
   author = {{Hilt}, O. and {Schmidt}, W.~F.},
    title = "{Positive-hole mobility in liquid xenon as a function of temperature}",
  journal = {\jpcm},
     year = 1994,
    month = nov,
   volume = 6,
    pages = {L735-L738},
      doi = {10.1088/0953-8984/6/47/003},
   adsurl = {http://adsabs.harvard.edu/abs/1994JPCM....6L.735H},
  adsnote = {Provided by the SAO/NASA Astrophysics Data System}
}

@ARTICLE{Gelman1992,
   author = {{Gelman}, A. and {Rubin}, D.~B.},
    title = "{Inference from Iterative Simulation Using Multiple Sequences}",
  journal = {\statsci},
     year = 1992,
    month = nov,
   volume = 7,
   number = {4},
    pages = {457-472},
}

@ARTICLE{Seguinot1995,
   author = {{Seguinot}, J. and {Tischhauser}, J. and {Ypsilantis}, T.},
    title = "{Liquid xenon scintillation: photon yield and Fano factor measurements}",
  journal = {\nimpra},
     year = 1995,
    month = feb,
   volume = 354,
    pages = {280-287},
      doi = {10.1016/0168-9002(94)01236-9},
   adsurl = {http://adsabs.harvard.edu/abs/1995NIMPA.354..280S},
  adsnote = {Provided by the SAO/NASA Astrophysics Data System}
}

@unpublished{Belogurov1995,
    title = "{High pressure gas scintillation drift chamber with photomultipliers inside of working medium}",
   author = {{Belogurov}, S. and others},
     year = {1995},
    month = {oct.},
     note = {\ieeenssmicr},
      doi = {10.1109/NSSMIC.1995.504280},
}

@ARTICLE{Chib1995,
   author = {{Chib}, S. and {Greenberg}, E.},
    title = "{Understanding the Metropolis-Hastings algorithm}",
  journal = {\amstat},
     year = 1995,
    month = nov,
   volume = 49,
    pages = {327-335},
      doi = {10.2307/2684568},
}

@ARTICLE{Mozumder1995,
   author = {{Mozumder}, A.},
    title = "{Free-ion yield and electron-ion recombination rate in liquid xenon}",
  journal = {\cpl},
     year = 1995,
    month = nov,
   volume = 245,
    pages = {359-363},
      doi = {10.1016/0009-2614(95)01024-4},
   adsurl = {http://adsabs.harvard.edu/abs/1995CPL...245..359M},
  adsnote = {Provided by the SAO/NASA Astrophysics Data System}
}

@ARTICLE{Burman1996,
   author = {{Burman}, R.~L. and {Dodd}, A.~C. and {Plischke}, P.},
    title = "{Neutrino flux calculations for the ISIS spallation neutron facility}",
  journal = {\nimpra},
     year = 1996,
    month = jan,
   volume = 368,
    pages = {416-424},
      doi = {10.1016/0168-9002(95)00627-3},
   adsurl = {http://adsabs.harvard.edu/abs/1996NIMPA.368..416B},
  adsnote = {Provided by the SAO/NASA Astrophysics Data System}
}

@ARTICLE{Lewin1996,
   author = {{Lewin}, J.~D. and {Smith}, P.~F.},
    title = "{Review of mathematics, numerical factors, and corrections for dark matter experiments based on elastic nuclear recoil}",
  journal = {\ap},
     year = 1996,
    month = dec,
   volume = 6,
    pages = {87-112},
      doi = {10.1016/S0927-6505(96)00047-3},
   adsurl = {http://adsabs.harvard.edu/abs/1996APh.....6...87L},
  adsnote = {Provided by the SAO/NASA Astrophysics Data System}
}

@ARTICLE{Yoshino1996,
   author = {{Yoshino}, K. and {Esmond}, J.~R. and {Parkinson}, W.~H. and 
	{Ito}, K. and {Matsui}, T.},
    title = "{Absorption cross section measurements of water vapor in the wavelength region 120 to 188 nm}",
  journal = {\cp},
     year = 1996,
    month = nov,
   volume = 211,
    pages = {387-391},
      doi = {10.1016/0301-0104(96)00210-8},
   adsurl = {http://adsabs.harvard.edu/abs/1996CP....211..387Y},
  adsnote = {Provided by the SAO/NASA Astrophysics Data System}
}

@ARTICLE{Ishida1997,
   author = {{Ishida}, N. and others},
    title = "{Attenuation length measurements of scintillation light in liquid rare gases and their mixtures using an improved reflection suppresser}",
  journal = {\nimpra},
     year = 1997,
    month = feb,
   volume = 384,
    pages = {380-386},
      doi = {10.1016/S0168-9002(96)00740-1},
   adsurl = {http://adsabs.harvard.edu/abs/1997NIMPA.384..380I},
  adsnote = {Provided by the SAO/NASA Astrophysics Data System}
}

@ARTICLE{Feldman1998,
   author = {{Feldman}, G.~J. and {Cousins}, R.~D.},
    title = "{Unified approach to the classical statistical analysis of small signals}",
  journal = {\prd},
 keywords = {Measurement and error theory, Neutrino mass and mixing},
     year = 1998,
    month = apr,
   volume = 57,
    pages = {3873-3889},
      doi = {10.1103/PhysRevD.57.3873},
  adsnote = {Provided by the SAO/NASA Astrophysics Data System}
}

@ARTICLE{Klypin1999,
   author = {{Klypin}, A. and {Kravtsov}, A.~V. and {Valenzuela}, O. and 
	{Prada}, F.},
    title = "{Where Are the Missing Galactic Satellites?}",
  journal = {\apj},
 keywords = {COSMOLOGY: THEORY, GALAXIES: CLUSTERS: GENERAL, GALAXIES: INTERACTIONS, GALAXY: FORMATION, GALAXIES: LOCAL GROUP, METHODS: NUMERICAL, Cosmology: Theory, Galaxies: Clusters: General, Galaxies: Interactions, Galaxy: Formation, Galaxies: Local Group, Methods: Numerical},
     year = 1999,
    month = sep,
   volume = 522,
    pages = {82-92},
      doi = {10.1086/307643},
   adsurl = {http://adsabs.harvard.edu/abs/1999ApJ...522...82K},
  adsnote = {Provided by the SAO/NASA Astrophysics Data System}
}

@ARTICLE{Moore1999,
   author = {{Moore}, B. and {Ghigna}, S. and {Governato}, F. and {Lake}, G. and 
	{Quinn}, T. and {Stadel}, J. and {Tozzi}, P.},
    title = "{Dark Matter Substructure within Galactic Halos}",
  journal = {\apjl},
 keywords = {COSMOLOGY: OBSERVATIONS, COSMOLOGY: THEORY, COSMOLOGY: DARK MATTER, GALAXIES: CLUSTERS: GENERAL, GALAXIES: FORMATION, Cosmology: Observations, Cosmology: Theory, Cosmology: Dark Matter, Galaxies: Clusters: General, Galaxies: Formation},
     year = 1999,
    month = oct,
   volume = 524,
    pages = {L19-L22},
      doi = {10.1086/312287},
   adsurl = {http://adsabs.harvard.edu/abs/1999ApJ...524L..19M},
  adsnote = {Provided by the SAO/NASA Astrophysics Data System}
}

@ARTICLE{Sofu2001,
   author = {{Sofue}, Y. and {Rubin}, V.},
    title = "{Rotation Curves of Spiral Galaxies}",
  journal = {\araa},
     year = 2001,
   volume = 39,
    pages = {137-174},
      doi = {10.1146/annurev.astro.39.1.137},
   adsurl = {http://adsabs.harvard.edu/abs/2001ARA%26A..39..137S},
  adsnote = {Provided by the SAO/NASA Astrophysics Data System}
}

@article{Bernabei2001,
   author = {R. Bernabei and others},
    title = "{Investigating the DAMA annual modulation data in a mixed coupling framework}",
  journal = {\plb},
   volume = {509},
   number = {3},
    pages = {197 - 203},
     year = {2001},
     issn = {0370-2693},
      doi = {10.1016/S0370-2693(01)00493-2},
}

@INPROCEEDINGS{Hitachi2002,
   author = {{Hitachi}, A.},
    title = "{Properties of Liquid Xenon Scintillation for WIMP Searches}",
booktitle = {Proceedings of the Fourth International Workshop, York, UK, 2002, edited by Neil J. C. Spooner and Vitaly Kudryavtsev (University of Sheffield, United Kingdom, 2003), P. 357; in 5th International Workshop on the Identification of Dark Matter, IDM2004, Edinburgh, Scotland, 2004},
     year = 2004,
}

@ARTICLE{Doke2002,
   author = {{Doke}, T. and {Hitachi}, A. and {Kikuchi}, J. and {Masuda}, K. and 
	{Okada}, H. and {Shibamura}, E.},
    title = "{Absolute Scintillation Yields in Liquid Argon and Xenon for Various Particles}",
  journal = {\jjap},
     year = 2002,
    month = mar,
   volume = 41,
    pages = {1538},
      doi = {10.1143/JJAP.41.1538},
   adsurl = {http://adsabs.harvard.edu/abs/2002JaJAP..41.1538D},
  adsnote = {Provided by the SAO/NASA Astrophysics Data System}
}

@ARTICLE{Bernabei2002,
   author = {{Bernabei}, R. and others},
    title = "{Investigating the DAMA annual modulation data in the framework of inelastic dark matter}",
  journal = {\epjc},
     year = 2002,
    month = mar,
   volume = 23,
    pages = {61-64},
      doi = {10.1007/s100520100854},
   adsurl = {http://adsabs.harvard.edu/abs/2002EPJC...23...61B},
  adsnote = {Provided by the SAO/NASA Astrophysics Data System}
}

@ARTICLE{Seidel2002,
   author = {{Seidel}, G.~M. and {Lanou}, R.~E. and {Yao}, W.},
    title = "{Rayleigh scattering in rare-gas liquids}",
  journal = {\nimpra},
   eprint = {hep-ex/0111054},
     year = 2002,
    month = aug,
   volume = 489,
    pages = {189-194},
      doi = {10.1016/S0168-9002(02)00890-2},
   adsurl = {http://adsabs.harvard.edu/abs/2002NIMPA.489..189S},
  adsnote = {Provided by the SAO/NASA Astrophysics Data System}
}

@BOOK{Ryden2003,
  TITLE = {Introduction to Cosmology},
  AUTHOR = {{Ryden}, Barbara},
  YEAR = {2003},
  PUBLISHER = {Addison Wesley},
}

@BOOK{Dodelson2003,
  TITLE = "{Modern Cosmology}",
  AUTHOR = {{Dodelson}, S.},
  YEAR = {2003},
  PUBLISHER = {Elsevier},
  volume = {A volume in International Series of Monographs in Electronics and Instrumentation},
  isbn = {978-0-12-219141-1}
}

@article{Nissen2003,
author = {{Nissen}, Steffen},
year = {2003},
month = {12},
title = "{Implementation of a Fast Artificial Neural Network library (FANN)}"
}

@BOOK{OHanlon2003,
   author = {{O'Hanlon}, J.~F.},
    title = "{A User's Guide to Vacuum Technology}",
     year = {2003},
publisher = {Wiley},
  edition = {3rd}
}

@ARTICLE{Walters2003,
   author = {{Walters}, A.~J. and {Mitchell}, L.~W.},
    title = "{Mobility and lifetime of $^{208}$Tl ions in liquid xenon}",
  journal = {\jpdap},
     year = 2003,
    month = jun,
   volume = 36,
    pages = {1323-1331},
      doi = {10.1088/0022-3727/36/11/313},
   adsurl = {http://adsabs.harvard.edu/abs/2003JPhD...36.1323W},
  adsnote = {Provided by the SAO/NASA Astrophysics Data System}
}

@Article{Agostinelli2003,
  author  = {{Agostinelli}, S. and others},
  title   = {{GEANT4 - a simulation toolkit}},
  journal = {\nimpra},
  year    = {2003},
  volume  = {506},
  pages   = {250-303},
  month   = jul,
  adsnote = {Provided by the SAO/NASA Astrophysics Data System},
  adsurl  = {http://adsabs.harvard.edu/abs/2003NIMPA.506..250A},
  doi     = {10.1016/S0168-9002(03)01368-8},
}

@ARTICLE{Markevitch2004,
   author = {{Markevitch}, M. and {Gonzalez}, A.~H. and {Clowe}, D. and {Vikhlinin}, A. and 
	{Forman}, W. and {Jones}, C. and {Murray}, S. and {Tucker}, W.},
    title = "{Direct Constraints on the Dark Matter Self-Interaction Cross Section from the Merging Galaxy Cluster 1E 0657-56}",
  journal = {\apj},
 keywords = {Cosmology: Dark Matter, Galaxies: Clusters: Individual: Alphanumeric: 1E 0657-56, Galaxies: Formation, Cosmology: Large-Scale Structure of Universe},
     year = 2004,
    month = may,
   volume = 606,
    pages = {819-824},
      doi = {10.1086/383178},
   adsurl = {http://adsabs.harvard.edu/abs/2004ApJ...606..819M},
  adsnote = {Provided by the SAO/NASA Astrophysics Data System}
}

@ARTICLE{Diemand2004,
   author = {{Diemand}, J. and {Moore}, B. and {Stadel}, J.},
    title = "{Velocity and spatial biases in cold dark matter subhalo distributions}",
  journal = {\mnras},
 keywords = {methods: N-body simulations, methods: numerical, galaxies: clusters: general, galaxies: haloes, dark matter},
     year = 2004,
    month = aug,
   volume = 352,
    pages = {535-546},
      doi = {10.1111/j.1365-2966.2004.07940.x},
   adsurl = {http://adsabs.harvard.edu/abs/2004MNRAS.352..535D},
  adsnote = {Provided by the SAO/NASA Astrophysics Data System}
}

@ARTICLE{Du2004,
   author = {{Du}, X. and {Bailey}, K. and {Lu}, Z.-T. and {Mueller}, P. and 
	{O'Connor}, T.~P. and {Young}, L.},
    title = "{An atom trap system for practical $^{81}$Kr dating}",
  journal = {\rsi},
 keywords = {Sources of radioactive nuclei, Oscillator strengths lifetimes transition moments, Atomic masses mass spectra abundances and isotopes, Optical cooling of atoms, trapping, Mechanical effects of light on atoms molecules electrons and ions},
     year = 2004,
    month = oct,
   volume = 75,
    pages = {3224-3232},
      doi = {10.1063/1.1790562},
   adsurl = {http://adsabs.harvard.edu/abs/2004RScI...75.3224D},
  adsnote = {Provided by the SAO/NASA Astrophysics Data System}
}

@ARTICLE{Bertone2005,
   author = {{Bertone}, G. and {Hooper}, D. and {Silk}, J.},
    title = "{Particle dark matter: evidence, candidates and constraints}",
  journal = {\physrep},
     year = 2005,
    month = jan,
   volume = 405,
    pages = {279-390},
      doi = {10.1016/j.physrep.2004.08.031},
   adsurl = {http://adsabs.harvard.edu/abs/2005PhR...405..279B},
  adsnote = {Provided by the SAO/NASA Astrophysics Data System}
}

@phdthesis{Ozone2005,
   author = {{Ozone}, Kenji},
     year = {2005},
    month = mar,
    title = "{Liquid Xenon Scintillation Detector for the New $\mu \rightarrow e \gamma$ Search Experiment}",
  journal = {PhD Thesis, University of Tokyo},
 language = {English},
      url = {http://meg.icepp.s.u-tokyo.ac.jp/docs/theses/ozoned.pdf},
}

@ARTICLE{Baldini2005,
   author = {{Baldini}, A. and others},
    title = "{Absorption of scintillation light in a 100 l liquid xenon {$\gamma$}-ray detector and expected detector performance}",
  journal = {\nimpra},
     year = 2005,
    month = jun,
   volume = 545,
    pages = {753-764},
      doi = {10.1016/j.nima.2005.02.029},
   adsurl = {http://adsabs.harvard.edu/abs/2005NIMPA.545..753B},
  adsnote = {Provided by the SAO/NASA Astrophysics Data System}
}

@INPROCEEDINGS{Atrazhev2005, 
   author = {{Atrazhev}, V.~M. and {Berezhnov}, A.~V. and {Dunikov}, D.~O. and {Chernysheva}, I.~V. and {Dmitrenko}, V.~V. and {Kapralova}, G.}, 
booktitle = {IEEE International Conference on Dielectric Liquids, 2005. ICDL 2005.}, 
    title = "{Electron transport coefficients in liquid xenon}", 
     year = {2005}, 
    month = jun,
    pages = {329-332}, 
 keywords = {calorimeters;electron mobility;electron transport theory;liquid ionisation chambers;liquid scintillation detectors;atom space correlation;characteristic energy;dense medium;density dependent effective electron scattering cross section;diffusion coefficient;dilute Xe gas;electric field strength;electron drift velocity;electron mobility;electron transport coefficients;liquid xenon;mean energy;Atomic measurements;Detectors;Electron mobility;Gases;Ionization chambers;Particle scattering;Polarization;Spectroscopy;Temperature;Xenon}, 
      doi = {10.1109/ICDL.2005.1490092}, 
     ISSN = {2153-3725}, 
}

@ARTICLE{Hitachi2005,
   author = {{Hitachi}, A.},
    title = "{Properties of liquid xenon scintillation for dark matter searches}",
  journal = {\ap},
     year = 2005,
    month = oct,
   volume = 24,
    pages = {247-256},
      doi = {10.1016/j.astropartphys.2005.07.002},
   adsurl = {http://adsabs.harvard.edu/abs/2005APh....24..247H},
  adsnote = {Provided by the SAO/NASA Astrophysics Data System}
}

@ARTICLE{Aprile2005,
   author = {{Aprile}, E. and others},
    title = "{Scintillation response of liquid xenon to low energy nuclear recoils}",
  journal = {\prd},
 keywords = {Neutrino mass and mixing, Solar neutrinos, Scintillation detectors, Dark matter},
     year = 2005,
    month = oct,
   volume = 72,
   number = 7,
      eid = {072006},
    pages = {072006},
      doi = {10.1103/PhysRevD.72.072006},
   adsurl = {http://adsabs.harvard.edu/abs/2005PhRvD..72g2006A},
  adsnote = {Provided by the SAO/NASA Astrophysics Data System}
}

@INPROCEEDINGS{Madejski2005,
   author = {{Madejski}, G.},
    title = "{Recent and Future Observations in the X-ray and Gamma-ray Bands: Chandra, Suzaku, GLAST, and NuSTAR}",
 keywords = {astronomical instruments, X-ray apparatus, gamma-ray apparatus, clusters of galaxies, X- and gamma-ray telescopes and instrumentation, Galaxy groups clusters and superclusters, large scale structure of the Universe},
booktitle = {Astrophysical Sources of High Energy Particles and Radiation},
     year = 2005,
   series = {American Institute of Physics Conference Series},
   volume = 801,
   eprint = {astro-ph/0512012},
   editor = {{Bulik}, T. and {Rudak}, B. and {Madejski}, G.},
    month = nov,
    pages = {21-30},
      doi = {10.1063/1.2141828},
   adsurl = {http://adsabs.harvard.edu/abs/2005AIPC..801...21M},
  adsnote = {Provided by the SAO/NASA Astrophysics Data System}
}

@ARTICLE{Wamba2005,
   author = {{Wamba}, K. and others},
    title = "{Mobility of thorium ions in liquid xenon}",
  journal = {\nimpra},
     year = 2005,
    month = dec,
   volume = 555,
    pages = {205-210},
      doi = {10.1016/j.nima.2005.09.023},
   adsurl = {http://adsabs.harvard.edu/abs/2005NIMPA.555..205W},
  adsnote = {Provided by the SAO/NASA Astrophysics Data System}
}

@BOOK{Aprile2006a,
   author = {{Aprile}, E. and {Bolotnikov}, A.~E. and {Bolozdynya}, A.~I. and {Doke}, T.},
   title  = "{Noble Gas Detectors}",
     year = {2006},
publisher = {WILEY-VCH Verlag GmbH \& Co. KGaA},
     isbn = {978-3-527-40597-8},

}

@ARTICLE{Bernabei2006,
   author = {{Bernabei}, R. and others},
    title = "{Investigating Pseudoscalar and Scalar Dark Matter}",
  journal = {\ijmpa},
 keywords = {Dark matter, Axions and other Nambu-Goldstone bosons, Scintillation detectors},
     year = 2006,
   volume = 21,
    pages = {1445-1469},
      doi = {10.1142/S0217751X06030874},
   adsurl = {http://adsabs.harvard.edu/abs/2006IJMPA..21.1445B},
  adsnote = {Provided by the SAO/NASA Astrophysics Data System}
}

@INPROCEEDINGS{Markevitch2006,
   author = {{Markevitch}, M.},
    title = "{Chandra Observation of the Most Interesting Cluster in the Universe}",
booktitle = {The X-ray Universe 2005},
     year = 2006,
   series = {\esasp},
   volume = 604,
   eprint = {astro-ph/0511345},
   editor = {{Wilson}, A.},
    month = jan,
    pages = {723},
   adsurl = {http://adsabs.harvard.edu/abs/2006ESASP.604..723M},
  adsnote = {Provided by the SAO/NASA Astrophysics Data System}
}

@ARTICLE{Mei2006,
   author = {{Mei}, D.-M. and {Hime}, A.},
    title = "{Muon-induced background study for underground laboratories}",
  journal = {\prd},
 keywords = {Electroweak interactions, Beta decay, double beta decay, electron and muon capture, Solar neutrinos, Dark matter},
     year = 2006,
    month = mar,
   volume = 73,
   number = 5,
      eid = {053004},
    pages = {053004},
      doi = {10.1103/PhysRevD.73.053004},
   adsurl = {http://adsabs.harvard.edu/abs/2006PhRvD..73e3004M},
  adsnote = {Provided by the SAO/NASA Astrophysics Data System}
}

@ARTICLE{Hubbell2006,
   author = {{Hubbell}, J.~H.},
    title = "{Electron positron pair production by photons: A historical overview}",
  journal = {\rpc},
     year = 2006,
    month = jun,
   volume = 75,
    pages = {614-623},
      doi = {10.1016/j.radphyschem.2005.10.008},
   adsurl = {http://adsabs.harvard.edu/abs/2006RaPC...75..614H},
  adsnote = {Provided by the SAO/NASA Astrophysics Data System}
}

@ARTICLE{Aprile2006b,
   author = {{Aprile}, E. and others},
    title = "{Simultaneous Measurement of Ionization and Scintillation from Nuclear Recoils in Liquid Xenon for a Dark Matter Experiment}",
  journal = {\prl},
 keywords = {Dark matter, Elastic neutron scattering, Scintillation detectors, Neutrino muon pion and other elementary particle detectors, cosmic ray detectors},
     year = 2006,
    month = aug,
   volume = 97,
   number = 8,
      eid = {081302},
    pages = {081302},
      doi = {10.1103/PhysRevLett.97.081302},
   adsurl = {http://adsabs.harvard.edu/abs/2006PhRvL..97h1302A},
  adsnote = {Provided by the SAO/NASA Astrophysics Data System}
}

@ARTICLE{Clowe2006,
   author = {{Clowe}, D. and {Brada{\v c}}, M. and {Gonzalez}, A.~H. and 
	{Markevitch}, M. and {Randall}, S.~W. and {Jones}, C. and {Zaritsky}, D.
	},
    title = "{A Direct Empirical Proof of the Existence of Dark Matter}",
  journal = {\apjl},
 keywords = {Cosmology: Dark Matter, galaxies: clusters: individual (1E 0657-558), Cosmology: Gravitational Lensing},
     year = 2006,
    month = sep,
   volume = 648,
    pages = {L109-L113},
      doi = {10.1086/508162},
   adsurl = {http://adsabs.harvard.edu/abs/2006ApJ...648L.109C},
  adsnote = {Provided by the SAO/NASA Astrophysics Data System}
}

@Article{terBraak2006,
   author = {{Ter Braak}, C.~J.~F.},
    title = "{A Markov Chain Monte Carlo version of the genetic algorithm Differential Evolution: easy Bayesian computing for real parameter spaces}",
  journal = {\scomp},
     year = 2006,
    month = sep,
   volume = 16,
   number = 3,
    pages = {239--249},
     issn = {1573-1375},
      doi = {10.1007/s11222-006-8769-1},
}

@ARTICLE{Roszkowski2007,
   author = {{Roszkowski}, L. and {Ruiz de Austri}, R. and {Trotta}, R.},
    title = "{Implications for the Constrained MSSM from a new prediction for b $\rightarrow$ s$\gamma$}",
  journal = {\jhep},
archivePrefix = "arXiv",
   eprint = {0705.2012},
 primaryClass = "hep-ph",
     year = 2007,
    month = jul,
   volume = 7,
      eid = {075},
    pages = {075},
      doi = {10.1088/1126-6708/2007/07/075},
   adsurl = {http://adsabs.harvard.edu/abs/2007JHEP...07..075R},
  adsnote = {Provided by the SAO/NASA Astrophysics Data System}
}

@article{Aprile2007,
    title = "{Observation of anticorrelation between scintillation and ionization for MeV gamma rays in liquid xenon}",
   author = {{Aprile}, E. and {Giboni}, K. L. and {Majewski}, P. and {Ni}, K. and {Yamashita}, M.},
  journal = {\prb},
   volume = {76},
    issue = {1},
    pages = {014115},
 numpages = {7},
     year = {2007},
    month = {Jul},
publisher = {American Physical Society},
      doi = {10.1103/PhysRevB.76.014115},
}

@ARTICLE{Singh2007,
   author = {{Singh}, S. and {Chandra}, R. and {Rath}, P.~K. and {Raina}, P.~K. and 
	{Hirsch}, J.~G.},
    title = "{Nuclear deformation and the two-neutrino double- {$\beta$} decay in $^{124, 126}$Xe , $^{128, 130}$Te , $^{130, 132}$Ba and $^{150}$Nd isotopes}",
  journal = {\epja},
archivePrefix = "arXiv",
   eprint = {0706.4357},
 primaryClass = "nucl-th",
     year = 2007,
    month = sep,
   volume = 33,
    pages = {375-388},
      doi = {10.1140/epja/i2007-10481-7},
   adsurl = {http://adsabs.harvard.edu/abs/2007EPJA...33..375S},
  adsnote = {Provided by the SAO/NASA Astrophysics Data System}
}

@ARTICLE{Simon2007,
   author = {{Simon}, J.~D. and {Geha}, M.},
    title = "{The Kinematics of the Ultra-faint Milky Way Satellites: Solving the Missing Satellite Problem}",
  journal = {\apj},
archivePrefix = "arXiv",
   eprint = {0706.0516},
 keywords = {Cosmology: Dark Matter, Galaxies: Dwarf, Galaxies: Kinematics and Dynamics, Galaxies: Local Group, Techniques: Radial Velocities},
     year = 2007,
    month = nov,
   volume = 670,
    pages = {313-331},
      doi = {10.1086/521816},
   adsurl = {http://adsabs.harvard.edu/abs/2007ApJ...670..313S},
  adsnote = {Provided by the SAO/NASA Astrophysics Data System}
}

@ARTICLE{Angle2008,
   author = {{Angle}, J. and others},
    title = "{First Results from the XENON10 Dark Matter Experiment at the Gran Sasso National Laboratory}",
  journal = {\prl},
archivePrefix = "arXiv",
   eprint = {0706.0039},
 keywords = {Dark matter, Supersymmetric partners of known particles, Scintillation detectors, Neutrino muon pion and other elementary particle detectors, cosmic ray detectors},
     year = 2008,
    month = jan,
   volume = 100,
   number = 2,
      eid = {021303},
    pages = {021303},
      doi = {10.1103/PhysRevLett.100.021303},
   adsurl = {http://adsabs.harvard.edu/abs/2008PhRvL.100b1303A},
  adsnote = {Provided by the SAO/NASA Astrophysics Data System}
}

@ARTICLE{DAMALIBRA2008,
   author = {{Bernabei}, R. and others},
    title = "{The DAMA/LIBRA apparatus}",
  journal = {\nimpra},
archivePrefix = "arXiv",
   eprint = {0804.2738},
     year = 2008,
    month = jul,
   volume = 592,
    pages = {297-315},
      doi = {10.1016/j.nima.2008.04.082},
   adsurl = {http://adsabs.harvard.edu/abs/2008NIMPA.592..297B},
  adsnote = {Provided by the SAO/NASA Astrophysics Data System}
}

@ARTICLE{Mei2008,
   author = {{Mei}, D.-M. and {Yin}, Z.-B. and {Stonehill}, L.~C. and {Hime}, A.
	},
    title = "{A model of nuclear recoil scintillation efficiency in noble liquids}",
  journal = {\ap},
archivePrefix = "arXiv",
   eprint = {0712.2470},
 primaryClass = "nucl-ex",
 keywords = {Dark matter, Nonlinear or nonlocal theories and models, Scintillation detectors},
     year = 2008,
    month = aug,
   volume = 30,
    pages = {12-17},
      doi = {10.1016/j.astropartphys.2008.06.001},
   adsurl = {http://adsabs.harvard.edu/abs/2008APh....30...12M},
  adsnote = {Provided by the SAO/NASA Astrophysics Data System}
}

@Article{terBraak2008,
   author = {{ter Braak}, C.~J.~F. and {Vrugt}, J.~A.},
    title = "{Differential Evolution Markov Chain with snooker updater and fewer chains}",
  journal = {\scomp},
     year = 2008,
    month = dec,
   volume = 18,
   number = 4,
    pages = {435--446},
     issn = {1573-1375},
      doi = {10.1007/s11222-008-9104-9},
}

@ARTICLE{deBlok2008,
   author = {{de Blok}, W.~J.~G. and {Walter}, F. and {Brinks}, E. and {Trachternach}, C. and 
	{Oh}, S.-H. and {Kennicutt}, Jr., R.~C.},
    title = "{High-Resolution Rotation Curves and Galaxy Mass Models from THINGS}",
  journal = {\aj},
archivePrefix = "arXiv",
   eprint = {0810.2100},
 keywords = {dark matter, galaxies: dwarf, galaxies: fundamental parameters, galaxies: kinematics and dynamics, galaxies: spiral, galaxies: structure},
     year = 2008,
    month = dec,
   volume = 136,
    pages = {2648-2719},
      doi = {10.1088/0004-6256/136/6/2648},
   adsurl = {http://adsabs.harvard.edu/abs/2008AJ....136.2648D},
  adsnote = {Provided by the SAO/NASA Astrophysics Data System}
}

@phdthesis{Dahl2009,
   author = {{Dahl}, Carl E.},
     year = {2009},
    title = "{The physics of background discrimination in liquid xenon, and first results from Xenon10 in the hunt for WIMP dark matter}",
  journal = {\pqdt},
    pages = {182},
 keywords = {Pure sciences; Dark matter; Direct detection; Low-backgorund experiment; Time projection chamber; WIMPs; Xenon; Astronomy; Particle physics; 0606:Astronomy; 0798:Particle physics},
     isbn = {9781109255294},
 language = {English},
      url = {http://inspirehep.net/record/1374815/files/E.Dahlthesis.pdf},
}

@ARTICLE{Kuhlen2009,
   author = {{Kuhlen}, M. and others},
    title = "{Dark matter direct detection with non-Maxwellian velocity structure}",
  journal = {\jcap},
archivePrefix = "arXiv",
   eprint = {0912.2358},
     year = 2010,
    month = feb,
   volume = 2,
      eid = {030},
    pages = {030},
      doi = {10.1088/1475-7516/2010/02/030},
   adsurl = {http://adsabs.harvard.edu/abs/2010JCAP...02..030K},
  adsnote = {Provided by the SAO/NASA Astrophysics Data System}
}

@ARTICLE{Aprile2009b,
   author = {{Aprile}, E. and others},
    title = "{New measurement of the relative scintillation efficiency of xenon nuclear recoils below 10 keV}",
  journal = {\prc},
archivePrefix = "arXiv",
   eprint = {0810.0274},
 keywords = {Scintillation detectors, Interactions of particles and radiation with matter, Dark matter, Liquid noble gases},
     year = 2009,
    month = apr,
   volume = 79,
   number = 4,
      eid = {045807},
    pages = {045807},
      doi = {10.1103/PhysRevC.79.045807},
   adsurl = {http://adsabs.harvard.edu/abs/2009PhRvC..79d5807A},
  adsnote = {Provided by the SAO/NASA Astrophysics Data System}
}

@Article{Sorenson2009,
  author        = {{Sorensen}, P. and others},
  title         = {{The scintillation and ionization yield of liquid xenon for nuclear recoils}},
  collaboration = {XENON},
  journal       = {\nimpra},
  year          = {2009},
  volume        = {601},
  pages         = {339-346},
  month         = apr,
  adsnote       = {Provided by the SAO/NASA Astrophysics Data System},
  adsurl        = {http://adsabs.harvard.edu/abs/2009NIMPA.601..339X},
  archiveprefix = {arXiv},
  doi           = {10.1016/j.nima.2008.12.197},
  eprint        = {0807.0459},
}

@ARTICLE{DAMA2009,
   author = {{Savage}, C. and {Gelmini}, G. and {Gondolo}, P. and {Freese}, K.
	},
    title = "{Compatibility of DAMA/LIBRA dark matter detection with other searches}",
  journal = {\jcap},
archivePrefix = "arXiv",
   eprint = {0808.3607},
     year = 2009,
    month = apr,
   volume = 4,
      eid = {010},
    pages = {010},
      doi = {10.1088/1475-7516/2009/04/010},
   adsurl = {http://adsabs.harvard.edu/abs/2009JCAP...04..010S},
  adsnote = {Provided by the SAO/NASA Astrophysics Data System}
}

@ARTICLE{Aprile2009,
   author = {{Aprile}, E. and {Doke}, T.},
    title = "{Liquid xenon detectors for particle physics and astrophysics}",
  journal = {\rmp},
archivePrefix = "arXiv",
   eprint = {0910.4956},
 primaryClass = "physics.ins-det",
 keywords = {Dark matter, Scintillation detectors, Neutrino muon pion and other elementary particle detectors, cosmic ray detectors},
     year = 2010,
    month = jul,
   volume = 82,
    pages = {2053-2097},
      doi = {10.1103/RevModPhys.82.2053},
   adsurl = {http://adsabs.harvard.edu/abs/2010RvMP...82.2053A},
  adsnote = {Provided by the SAO/NASA Astrophysics Data System}
}

@ARTICLE{Kopp2009,
   author = {{Kopp}, J. and {Niro}, V. and {Schwetz}, T. and {Zupan}, J.},
    title = "{DAMA/LIBRA data and leptonically interacting dark matter}",
  journal = {\prd},
archivePrefix = "arXiv",
   eprint = {0907.3159},
 primaryClass = "hep-ph",
 keywords = {Dark matter},
     year = 2009,
    month = oct,
   volume = 80,
   number = 8,
      eid = {083502},
    pages = {083502},
      doi = {10.1103/PhysRevD.80.083502},
   adsurl = {http://adsabs.harvard.edu/abs/2009PhRvD..80h3502K},
  adsnote = {Provided by the SAO/NASA Astrophysics Data System}
}

@ARTICLE{CDMS2009,
   author = {{Ahmed}, Z. and others},
    title = "{Search for Axions with the CDMS Experiment}",
  journal = {\prl},
archivePrefix = "arXiv",
   eprint = {0902.4693},
 primaryClass = "hep-ex",
 keywords = {Axions and other Nambu-Goldstone bosons, Radiation detectors, Elementary particle processes, Dark matter},
     year = 2009,
    month = oct,
   volume = 103,
   number = 14,
      eid = {141802},
    pages = {141802},
      doi = {10.1103/PhysRevLett.103.141802},
   adsurl = {http://adsabs.harvard.edu/abs/2009PhRvL.103n1802A},
  adsnote = {Provided by the SAO/NASA Astrophysics Data System}
}

@ARTICLE{Aleksandrov2009,
   author = {{Aleksandrov}, N.~L. and {Anokhin}, E.~M.},
    title = "{Low-energy electron attachment and detachment in vibrationally excited oxygen}",
  journal = {\jpdap},
     year = 2009,
    month = nov,
   volume = 42,
   number = 22,
      eid = {225210},
    pages = {225210},
      doi = {10.1088/0022-3727/42/22/225210},
   adsurl = {http://adsabs.harvard.edu/abs/2009JPhD...42v5210A},
  adsnote = {Provided by the SAO/NASA Astrophysics Data System}
}

@ARTICLE{Fixsen2009,
   author = {{Fixsen}, D.~J.},
    title = "{The Temperature of the Cosmic Microwave Background}",
  journal = {\apj},
archivePrefix = "arXiv",
   eprint = {0911.1955},
 keywords = {cosmic microwave background, cosmology: observations},
     year = 2009,
    month = dec,
   volume = 707,
    pages = {916-920},
      doi = {10.1088/0004-637X/707/2/916},
   adsurl = {http://adsabs.harvard.edu/abs/2009ApJ...707..916F},
  adsnote = {Provided by the SAO/NASA Astrophysics Data System}
}

@ARTICLE{Goodman2010,
   author = {{Goodman}, J. and {Weare}, J.},
    title = "{Ensemble samplers with affine invariance}",
  journal = {\camcs},
 keywords = {Markov chain Monte Carlo, affine invariance, ensemble samplers},
     year = 2010,
    month = jan,
   volume = 5,
   number = 1,
      eid = {025808},
    pages = {65-80},
      doi = {10.2140/camcos.2010.5.65},
}

@ARTICLE{Manzur2010,
   author = {{Manzur}, A. and {Curioni}, A. and {Kastens}, L. and {McKinsey}, D.~N. and 
	{Ni}, K. and {Wongjirad}, T.},
    title = "{Scintillation efficiency and ionization yield of liquid xenon for monoenergetic nuclear recoils down to 4 keV}",
  journal = {\prc},
archivePrefix = "arXiv",
   eprint = {0909.1063},
 primaryClass = "physics.ins-det",
 keywords = {Dark matter, Scintillation detectors, Neutrino muon pion and other elementary particle detectors, cosmic ray detectors},
     year = 2010,
    month = feb,
   volume = 81,
   number = 2,
      eid = {025808},
    pages = {025808},
      doi = {10.1103/PhysRevC.81.025808},
   adsurl = {http://adsabs.harvard.edu/abs/2010PhRvC..81b5808M},
  adsnote = {Provided by the SAO/NASA Astrophysics Data System}
}

@ARTICLE{Ralston2010,
   author = {{Ralston}, J.~P.},
    title = "{One Model Explains DAMA/LIBRA, CoGENT, CDMS, and XENON}",
  journal = {ArXiv e-prints},
archivePrefix = "arXiv",
   eprint = {1006.5255},
 primaryClass = "hep-ph",
 keywords = {High Energy Physics - Phenomenology, Astrophysics - Cosmology and Extragalactic Astrophysics},
     year = 2010,
    month = jun,
   adsurl = {http://adsabs.harvard.edu/abs/2010arXiv1006.5255R},
  adsnote = {Provided by the SAO/NASA Astrophysics Data System}
}

@ARTICLE{Aprile2010,
   author = {{Aprile}, E. and others},
    title = "{First Dark Matter Results from the XENON100 Experiment}",
  journal = {\prl},
archivePrefix = "arXiv",
   eprint = {1005.0380},
 primaryClass = "astro-ph.CO",
 keywords = {Dark matter, Supersymmetric partners of known particles, Radiation detectors, Neutrino muon pion and other elementary particle detectors, cosmic ray detectors},
     year = 2010,
    month = sep,
   volume = 105,
   number = 13,
      eid = {131302},
    pages = {131302},
      doi = {10.1103/PhysRevLett.105.131302},
   adsurl = {http://adsabs.harvard.edu/abs/2010PhRvL.105m1302A},
  adsnote = {Provided by the SAO/NASA Astrophysics Data System}
}

@ARTICLE{CoGeNT2010,
   author = {{Hooper}, D. and {Collar}, J.~I. and {Hall}, J. and {McKinsey}, D. and 
	{Kelso}, C.~M.},
    title = "{Consistent dark matter interpretation for CoGeNT and DAMA/LIBRA}",
  journal = {\prd},
archivePrefix = "arXiv",
   eprint = {1007.1005},
 primaryClass = "hep-ph",
 keywords = {Dark matter},
     year = 2010,
    month = dec,
   volume = 82,
   number = 12,
      eid = {123509},
    pages = {123509},
      doi = {10.1103/PhysRevD.82.123509},
   adsurl = {http://adsabs.harvard.edu/abs/2010PhRvD..82l3509H},
  adsnote = {Provided by the SAO/NASA Astrophysics Data System}
}

@ARTICLE{Heindl2011,
   author = {{Heindl}, T. and others},
    title = "{Table-top setup for investigating the scintillation properties of liquid argon}",
  journal = {\jinst},
archivePrefix = "arXiv",
   eprint = {1511.07720},
 primaryClass = "physics.ins-det",
     year = 2011,
    month = feb,
   volume = 6,
    pages = {2011},
      doi = {10.1088/1748-0221/6/02/P02011},
   adsurl = {http://adsabs.harvard.edu/abs/2011JInst...6.2011H},
  adsnote = {Provided by the SAO/NASA Astrophysics Data System}
}

@ARTICLE{Sorensen2011,
   author = {{Sorensen}, P. and {Dahl}, C.~E.},
    title = "{Nuclear recoil energy scale in liquid xenon with application to the direct detection of dark matter}",
  journal = {\prd},
archivePrefix = "arXiv",
   eprint = {1101.6080},
 primaryClass = "astro-ph.IM",
 keywords = {Dark matter, Neutrino muon pion and other elementary particle detectors, cosmic ray detectors, Radiation detectors},
     year = 2011,
    month = mar,
   volume = 83,
   number = 6,
      eid = {063501},
    pages = {063501},
      doi = {10.1103/PhysRevD.83.063501},
   adsurl = {http://adsabs.harvard.edu/abs/2011PhRvD..83f3501S},
  adsnote = {Provided by the SAO/NASA Astrophysics Data System}
}

@ARTICLE{Aprile2011,
   author = {{Aprile}, E. and others},
    title = "{Design and performance of the XENON10 dark matter experiment}",
  journal = {\ap},
archivePrefix = "arXiv",
   eprint = {1001.2834},
 primaryClass = "astro-ph.IM",
     year = 2011,
    month = apr,
   volume = 34,
    pages = {679-698},
      doi = {10.1016/j.astropartphys.2011.01.006},
   adsurl = {http://adsabs.harvard.edu/abs/2011APh....34..679A},
  adsnote = {Provided by the SAO/NASA Astrophysics Data System}
}

@ARTICLE{NEST2011,
   author = {{Szydagis}, M. and others},
    title = "{NEST: A Comprehensive Model for Scintillation Yield in Liquid Xenon}",
  journal = {ArXiv e-prints},
archivePrefix = "arXiv",
   eprint = {1106.1613},
 primaryClass = "physics.ins-det",
 keywords = {Physics - Instrumentation and Detectors},
     year = 2011,
    month = jun,
   adsurl = {http://adsabs.harvard.edu/abs/2011arXiv1106.1613S},
  adsnote = {Provided by the SAO/NASA Astrophysics Data System}
}

@ARTICLE{Fox2011,
   author = {{Fox}, P.~J. and {Harnik}, R. and {Kopp}, J. and {Tsai}, Y.},
    title = "{LEP shines light on dark matter}",
  journal = {\prd},
archivePrefix = "arXiv",
   eprint = {1103.0240},
 primaryClass = "hep-ph",
 keywords = {Dark matter, Production of non-standard model particles in e$^{-}$e$^{+}$ interactions, Elementary particle processes},
     year = 2011,
    month = jul,
   volume = 84,
   number = 1,
      eid = {014028},
    pages = {014028},
      doi = {10.1103/PhysRevD.84.014028},
   adsurl = {http://adsabs.harvard.edu/abs/2011PhRvD..84a4028F},
  adsnote = {Provided by the SAO/NASA Astrophysics Data System}
}

@ARTICLE{Angle2011,
   author = {{Angle}, J. and others},
    title = "{Search for Light Dark Matter in XENON10 Data}",
  journal = {\prl},
archivePrefix = "arXiv",
   eprint = {1104.3088},
 primaryClass = "astro-ph.CO",
 keywords = {Dark matter, Supersymmetric partners of known particles, Radiation detectors, Neutrino muon pion and other elementary particle detectors, cosmic ray detectors},
     year = 2011,
    month = jul,
   volume = 107,
   number = 5,
      eid = {051301},
    pages = {051301},
      doi = {10.1103/PhysRevLett.107.051301},
   adsurl = {http://adsabs.harvard.edu/abs/2011PhRvL.107e1301A},
  adsnote = {Provided by the SAO/NASA Astrophysics Data System}
}

@ARTICLE{Blum2011,
   author = {{Blum}, K.},
    title = "{DAMA vs. the annually modulated muon background}",
  journal = {ArXiv e-prints},
archivePrefix = "arXiv",
   eprint = {1110.0857},
 primaryClass = "astro-ph.HE",
 keywords = {Astrophysics - High Energy Astrophysical Phenomena, High Energy Physics - Phenomenology},
     year = 2011,
    month = oct,
   adsurl = {http://adsabs.harvard.edu/abs/2011arXiv1110.0857B},
  adsnote = {Provided by the SAO/NASA Astrophysics Data System}
}

@ARTICLE{Plante2011,
   author = {{Plante}, G. and others},
    title = "{New measurement of the scintillation efficiency of low-energy nuclear recoils in liquid xenon}",
  journal = {\prc},
archivePrefix = "arXiv",
   eprint = {1104.2587},
 primaryClass = "nucl-ex",
 keywords = {Scintillation detectors, Dark matter, Liquid noble gases},
     year = 2011,
    month = oct,
   volume = 84,
   number = 4,
      eid = {045805},
    pages = {045805},
      doi = {10.1103/PhysRevC.84.045805},
   adsurl = {http://adsabs.harvard.edu/abs/2011PhRvC..84d5805P},
  adsnote = {Provided by the SAO/NASA Astrophysics Data System}
}

@ARTICLE{Plack2011,
   author = {{Ade}, P.~A.~R. and others},
    title = "{Planck early results. I. The Planck mission}",
collaboration = {Planck Collaboration},
  journal = {\aap},
archivePrefix = "arXiv",
   eprint = {1101.2022},
 primaryClass = "astro-ph.IM",
 keywords = {cosmology: observations, cosmic background radiation, surveys, space vehicles: instruments, instrumentation: detectors, catalogs},
     year = 2011,
    month = dec,
   volume = 536,
      eid = {A1},
    pages = {A1},
      doi = {10.1051/0004-6361/201116464},
   adsurl = {http://adsabs.harvard.edu/abs/2011A%26A...536A...1P},
  adsnote = {Provided by the SAO/NASA Astrophysics Data System}
}

@ARTICLE{SuperK2011,
   author = {{Tanaka}, T. and others},
    title = "{An Indirect Search for Weakly Interacting Massive Particles in the Sun Using 3109.6 Days of Upward-going Muons in Super-Kamiokande}",
collaboration = {Super-Kamiokande Collaboration},
  journal = {\apj},
archivePrefix = "arXiv",
   eprint = {1108.3384},
 primaryClass = "astro-ph.HE",
 keywords = {dark matter, neutrinos},
     year = 2011,
    month = dec,
   volume = 742,
      eid = {78},
    pages = {78},
      doi = {10.1088/0004-637X/742/2/78},
   adsurl = {http://adsabs.harvard.edu/abs/2011ApJ...742...78T},
  adsnote = {Provided by the SAO/NASA Astrophysics Data System}
}

@ARTICLE{CDMS2012,
   author = {{Ahmed}, Z. and others},
    title = "{Search for annual modulation in low-energy CDMS-II data}",
collaboration = {CDMS Collaboration},
  journal = {ArXiv e-prints},
archivePrefix = "arXiv",
   eprint = {1203.1309},
 primaryClass = "astro-ph.CO",
 keywords = {Astrophysics - Cosmology and Extragalactic Astrophysics, High Energy Physics - Experiment},
     year = 2012,
    month = mar,
   adsurl = {http://adsabs.harvard.edu/abs/2012arXiv1203.1309C},
  adsnote = {Provided by the SAO/NASA Astrophysics Data System}
}

@ARTICLE{CRESST2012,
   author = {{Angloher}, G. and others},
    title = "{Results from 730 kg days of the CRESST-II Dark Matter search}",
collaboration = {CRESST},
  journal = {\epjc},
archivePrefix = "arXiv",
   eprint = {1109.0702},
     year = 2012,
    month = apr,
   volume = 72,
      eid = {1971},
    pages = {1971},
      doi = {10.1140/epjc/s10052-012-1971-8},
   adsurl = {http://adsabs.harvard.edu/abs/2012EPJC...72.1971A},
  adsnote = {Provided by the SAO/NASA Astrophysics Data System}
}

@ARTICLE{Aprile2012a,
   author = {{Aprile}, E. and others},
    title = "{The XENON100 dark matter experiment}",
collaboration = {XENON Collaboration},
  journal = {\ap},
archivePrefix = "arXiv",
   eprint = {1107.2155},
 primaryClass = "astro-ph.IM",
     year = 2012,
    month = apr,
   volume = 35,
    pages = {573-590},
      doi = {10.1016/j.astropartphys.2012.01.003},
   adsurl = {http://adsabs.harvard.edu/abs/2012APh....35..573X},
  adsnote = {Provided by the SAO/NASA Astrophysics Data System}
}

@ARTICLE{SIMPLE2012,
   author = {{Felizardo}, M. and others},
    title = "{Final Analysis and Results of the Phase II SIMPLE Dark Matter Search}",
collaboration = {SIMPLE},
  journal = {\prl},
archivePrefix = "arXiv",
   eprint = {1106.3014},
 keywords = {Dark matter, Radiation detectors, Neutrino muon pion and other elementary particle detectors, cosmic ray detectors},
     year = 2012,
    month = may,
   volume = 108,
   number = 20,
      eid = {201302},
    pages = {201302},
      doi = {10.1103/PhysRevLett.108.201302},
   adsurl = {http://adsabs.harvard.edu/abs/2012PhRvL.108t1302F},
  adsnote = {Provided by the SAO/NASA Astrophysics Data System}
}

@ARTICLE{PICASSO2012,
   author = {{Archambault}, S. and others},
    title = "{Constraints on low-mass WIMP interactions on $^{19}$F from PICASSO}",
collaboration = {PICASSO},
  journal = {\plb},
archivePrefix = "arXiv",
   eprint = {1202.1240},
 primaryClass = "hep-ex",
 keywords = {Dark matter, WIMPs, Superheated droplets, SNOLAB},
     year = 2012,
    month = may,
   volume = 711,
    pages = {153-161},
      doi = {10.1016/j.physletb.2012.03.078},
   adsurl = {http://adsabs.harvard.edu/abs/2012PhLB..711..153A},
  adsnote = {Provided by the SAO/NASA Astrophysics Data System}
}

@ARTICLE{Kearns2012,
   author = {{Lippincott}, W.~H. and {Coakley}, K.~J. and {Gastler}, D. and 
	{Kearns}, E. and {McKinsey}, D.~N. and {Nikkel}, J.~A.},
    title = "{Scintillation yield and time dependence from electronic and nuclear recoils in liquid neon}",
  journal = {\prc},
archivePrefix = "arXiv",
   eprint = {1111.3260},
 primaryClass = "nucl-ex",
 keywords = {Scintillation detectors, Liquid noble gases, Elastic neutron scattering, Electronic excitation and ionization of molecules, intermediate molecular states},
     year = 2012,
    month = jul,
   volume = 86,
   number = 1,
      eid = {015807},
    pages = {015807},
      doi = {10.1103/PhysRevC.86.015807},
   adsurl = {http://adsabs.harvard.edu/abs/2012PhRvC..86a5807L},
  adsnote = {Provided by the SAO/NASA Astrophysics Data System}
}

@ARTICLE{COUPP2012,
   author = {{Behnke}, E. and others},
    title = "{First dark matter search results from a 4-kg CF$_{3}$I bubble chamber operated in a deep underground site}",
collaboration = {COUPP},
  journal = {\prd},
archivePrefix = "arXiv",
   eprint = {1204.3094},
 primaryClass = "astro-ph.CO",
 keywords = {Radiation detectors, Dark matter, Elementary particle processes},
     year = 2012,
    month = sep,
   volume = 86,
   number = 5,
      eid = {052001},
    pages = {052001},
      doi = {10.1103/PhysRevD.86.052001},
   adsurl = {http://adsabs.harvard.edu/abs/2012PhRvD..86e2001B},
  adsnote = {Provided by the SAO/NASA Astrophysics Data System}
}

@ARTICLE{Aprile2012b,
   author = {{Aprile}, E. and others},
    title = "{Performance of a cryogenic system prototype for the XENON1T detector}",
  journal = {\jinst},
archivePrefix = "arXiv",
   eprint = {1208.2001},
 primaryClass = "physics.ins-det",
     year = 2012,
    month = oct,
   volume = 7,
    pages = {10001},
      doi = {10.1088/1748-0221/7/10/P10001},
   adsurl = {http://adsabs.harvard.edu/abs/2012JInst...710001A},
  adsnote = {Provided by the SAO/NASA Astrophysics Data System}
}

@ARTICLE{Aprile2012c,
   author = {{Aprile}, E. and others},
    title = "{Dark Matter Results from 225 Live Days of XENON100 Data}",
collaboration = {XENON Collaboration},
  journal = {\prl},
archivePrefix = "arXiv",
   eprint = {1207.5988},
 primaryClass = "astro-ph.CO",
 keywords = {Dark matter, Supersymmetric partners of known particles, Radiation detectors, Neutrino muon pion and other elementary particle detectors, cosmic ray detectors},
     year = 2012,
    month = nov,
   volume = 109,
   number = 18,
      eid = {181301},
    pages = {181301},
      doi = {10.1103/PhysRevLett.109.181301},
   adsurl = {http://adsabs.harvard.edu/abs/2012PhRvL.109r1301A},
  adsnote = {Provided by the SAO/NASA Astrophysics Data System}
}

@ARTICLE{Lung2012,
   author = {{Lung}, K. and others},
    title = "{Characterization of the Hamamatsu R11410-10 3-in. photomultiplier tube for liquid xenon dark matter direct detection experiments}",
  journal = {\nimpra},
archivePrefix = "arXiv",
   eprint = {1202.2628},
 primaryClass = "physics.ins-det",
     year = 2012,
    month = dec,
   volume = 696,
    pages = {32-39},
      doi = {10.1016/j.nima.2012.08.052},
   adsurl = {http://adsabs.harvard.edu/abs/2012NIMPA.696...32L},
  adsnote = {Provided by the SAO/NASA Astrophysics Data System}
}

@phdthesis{Weber2013,
   author = {{Weber}, M.},
     year = 2013,
    title = "{Gentle Neutron Signals and Noble Background in the XENON100 Dark Matter Search Experiment}",
  journal = {PhD Thesis, Ruprecht-Karls-Universität, Heidelberg}
}

@ARTICLE{Bernabei2013,
   author = {{Bernabei}, R. and others},
    title = "{DAMA/LIBRA results and perspectives}",
  journal = {\arxiv},
archivePrefix = "arXiv",
   eprint = {1301.6243},
 primaryClass = "astro-ph.GA",
 keywords = {Astrophysics - Galaxy Astrophysics, High Energy Physics - Phenomenology},
     year = 2013,
    month = jan,
   adsurl = {http://adsabs.harvard.edu/abs/2013arXiv1301.6243B},
  adsnote = {Provided by the SAO/NASA Astrophysics Data System}
}

@ARTICLE{Foreman2013,
   author = {{Foreman-Mackey}, D. and {Hogg}, D.~W. and {Lang}, D. and {Goodman}, J.},
    title = "{emcee: The MCMC Hammer}",
  journal = {\pasp},
archivePrefix = "arXiv",
   eprint = {1202.3665},
 primaryClass = "astro-ph.IM",
     year = 2013,
    month = mar,
   volume = 125,
    pages = {306},
      doi = {10.1086/670067},
   adsurl = {http://adsabs.harvard.edu/abs/2013PASP..125..306F},
  adsnote = {Provided by the SAO/NASA Astrophysics Data System}
}

@ARTICLE{Chepel2013,
   author = {{Chepel}, V. and {Ara{\'u}jo}, H.},
    title = "{Liquid noble gas detectors for low energy particle physics}",
  journal = {\jinst},
archivePrefix = "arXiv",
   eprint = {1207.2292},
 primaryClass = "physics.ins-det",
     year = 2013,
    month = apr,
   volume = 8,
      eid = {R04001},
    pages = {R04001},
      doi = {10.1088/1748-0221/8/04/R04001},
   adsurl = {http://adsabs.harvard.edu/abs/2013JInst...8R4001C},
  adsnote = {Provided by the SAO/NASA Astrophysics Data System}
}

@ARTICLE{Baudis2013,
   author = {{Baudis}, L. and others},
    title = "{Performance of the Hamamatsu R11410 photomultiplier tube in cryogenic xenon environments}",
  journal = {\jinst},
archivePrefix = "arXiv",
   eprint = {1303.0226},
 primaryClass = "astro-ph.IM",
     year = 2013,
    month = apr,
   volume = 8,
      eid = {P04026},
    pages = {P04026},
      doi = {10.1088/1748-0221/8/04/P04026},
   adsurl = {http://adsabs.harvard.edu/abs/2013JInst...8P4026B},
  adsnote = {Provided by the SAO/NASA Astrophysics Data System}
}

@ARTICLE{Bhattacharjee2013,
   author = {{Bhattacharjee}, P. and {Chaudhury}, S. and {Kundu}, S. and 
	{Majumdar}, S.},
    title = "{Deriving the velocity distribution of Galactic dark matter particles from the rotation curve data}",
  journal = {\prd},
archivePrefix = "arXiv",
   eprint = {1210.2328},
 primaryClass = "astro-ph.GA",
 keywords = {Dark matter, Kinematics dynamics and rotation, Galactic halo},
     year = 2013,
    month = apr,
   volume = 87,
   number = 8,
      eid = {083525},
    pages = {083525},
      doi = {10.1103/PhysRevD.87.083525},
   adsurl = {http://adsabs.harvard.edu/abs/2013PhRvD..87h3525B},
  adsnote = {Provided by the SAO/NASA Astrophysics Data System}
}



@ARTICLE{Aprile2013a,
   author = {{Aprile}, E. and others},
    title = "{Response of the XENON100 dark matter detector to nuclear recoils}",
collaboration = {XENON Collaboration},
  journal = {\prd},
archivePrefix = "arXiv",
   eprint = {1304.1427},
 primaryClass = "astro-ph.IM",
 keywords = {Dark matter, Supersymmetric partners of known particles, Radiation detectors},
     year = 2013,
    month = jul,
   volume = 88,
   number = 1,
      eid = {012006},
    pages = {012006},
      doi = {10.1103/PhysRevD.88.012006},
   adsurl = {http://adsabs.harvard.edu/abs/2013PhRvD..88a2006A},
  adsnote = {Provided by the SAO/NASA Astrophysics Data System}
}

@ARTICLE{XMASS2013,
   author = {{Abe}, K. and others},
    title = "{Search for solar axions in XMASS, a large liquid-xenon detector}",
collaboration = {XMASS},
  journal = {\plb},
archivePrefix = "arXiv",
   eprint = {1212.6153},
 primaryClass = "astro-ph.CO",
 keywords = {Axion, Sun, Xenon},
     year = 2013,
    month = jul,
   volume = 724,
    pages = {46-50},
      doi = {10.1016/j.physletb.2013.05.060},
   adsurl = {http://adsabs.harvard.edu/abs/2013PhLB..724...46A},
  adsnote = {Provided by the SAO/NASA Astrophysics Data System}
}

@ARTICLE{Aprile2013b,
   author = {{Aprile}, E. and others},
    title = "{Limits on Spin-Dependent WIMP-Nucleon Cross Sections from 225 Live Days of XENON100 Data}",
collaboration = {XENON Collaboration},
  journal = {\prl},
archivePrefix = "arXiv",
   eprint = {1301.6620},
 primaryClass = "astro-ph.CO",
 keywords = {Dark matter, Supersymmetric partners of known particles, Radiation detectors},
     year = 2013,
    month = jul,
   volume = 111,
   number = 2,
      eid = {021301},
    pages = {021301},
      doi = {10.1103/PhysRevLett.111.021301},
   adsurl = {http://adsabs.harvard.edu/abs/2013PhRvL.111b1301A},
  adsnote = {Provided by the SAO/NASA Astrophysics Data System}
}

@ARTICLE{ArDM2013,
   author = {{Badertscher}, A. and others},
    title = "{ArDM: first results from underground commissioning}",
collaboration = {ArDM Collaboration},
  journal = {\jinst},
archivePrefix = "arXiv",
   eprint = {1309.3992},
 primaryClass = "physics.ins-det",
     year = 2013,
    month = sep,
   volume = 8,
      eid = {C09005},
    pages = {C09005},
      doi = {10.1088/1748-0221/8/09/C09005},
   adsurl = {http://adsabs.harvard.edu/abs/2013JInst...8C9005B},
  adsnote = {Provided by the SAO/NASA Astrophysics Data System}
}

@ARTICLE{Aprile2013c,
   author = {{Aprile}, E. and {Yoon}, T. and {Loose}, A. and {Goetzke}, L.~W. and 
	{Zelevinsky}, T.},
    title = "{An atom trap trace analysis system for measuring krypton contamination in xenon dark matter detectors}",
  journal = {\rsi},
archivePrefix = "arXiv",
   eprint = {1305.6510},
 primaryClass = "physics.atom-ph",
 keywords = {astronomical instruments, cosmic ray apparatus, dark matter, krypton, sensitivity, Neutrino muon pion and other elementary particle detectors, cosmic ray detectors, Dark matter},
     year = 2013,
    month = sep,
   volume = 84,
   number = 9,
      eid = {093105-093105-6},
    pages = {093105-093105-6},
      doi = {10.1063/1.4821879},
   adsurl = {http://adsabs.harvard.edu/abs/2013RScI...84i3105A},
  adsnote = {Provided by the SAO/NASA Astrophysics Data System}
}

@ARTICLE{Cushman2013,
   author = {{Cushman}, P. and others},
    title = "{Snowmass CF1 Summary: WIMP Dark Matter Direct Detection}",
collaboration = {Snowmass},
  journal = {\arxiv},
archivePrefix = "arXiv",
   eprint = {1310.8327},
 primaryClass = "hep-ex",
 keywords = {High Energy Physics - Experiment, Astrophysics - Cosmology and Extragalactic Astrophysics, Astrophysics - High Energy Astrophysical Phenomena, Astrophysics - Instrumentation and Methods for Astrophysics, Physics - Instrumentation and Detectors},
     year = 2013,
    month = oct,
   adsurl = {http://adsabs.harvard.edu/abs/2013arXiv1310.8327C},
  adsnote = {Provided by the SAO/NASA Astrophysics Data System}
}

@ARTICLE{NEST2013,
   author = {{Szydagis}, M. and {Fyhrie}, A. and {Thorngren}, D. and {Tripathi}, M.
	},
    title = "{Enhancement of NEST capabilities for simulating low-energy recoils in liquid xenon}",
  journal = {\jinst},
archivePrefix = "arXiv",
   eprint = {1307.6601},
 primaryClass = "physics.ins-det",
     year = 2013,
    month = oct,
   volume = 8,
      eid = {C10003},
    pages = {C10003},
      doi = {10.1088/1748-0221/8/10/C10003},
   adsurl = {http://adsabs.harvard.edu/abs/2013JInst...8C0003S},
  adsnote = {Provided by the SAO/NASA Astrophysics Data System}
}

@ARTICLE{Freese2013,
   author = {{Freese}, K. and {Lisanti}, M. and {Savage}, C.},
    title = "{Colloquium: Annual modulation of dark matter}",
  journal = {\rmp},
archivePrefix = "arXiv",
   eprint = {1209.3339},
 keywords = {Dark matter, Models beyond the standard model, Elementary particle processes},
     year = 2013,
    month = oct,
   volume = 85,
    pages = {1561-1581},
      doi = {10.1103/RevModPhys.85.1561},
   adsurl = {http://adsabs.harvard.edu/abs/2013RvMP...85.1561F},
  adsnote = {Provided by the SAO/NASA Astrophysics Data System}
}

@ARTICLE{EDELWEISS2013,
   author = {{Armengaud}, E. and others},
    title = "{Axion searches with the EDELWEISS-II experiment}",
collaboration = {EDELWEISS},
  journal = {\jcap},
archivePrefix = "arXiv",
   eprint = {1307.1488},
     year = 2013,
    month = nov,
   volume = 11,
      eid = {067},
    pages = {067},
      doi = {10.1088/1475-7516/2013/11/067},
   adsurl = {http://adsabs.harvard.edu/abs/2013JCAP...11..067A},
  adsnote = {Provided by the SAO/NASA Astrophysics Data System}
}

@ARTICLE{DAMA2013,
   author = {{Bernabei}, R. and others},
    title = "{Final model independent result of DAMA/LIBRA-phase1}",
collaboration = {DAMA/LIBRA},
  journal = {\epjc},
archivePrefix = "arXiv",
   eprint = {1308.5109},
     year = 2013,
    month = dec,
   volume = 73,
      eid = {2648},
    pages = {2648},
      doi = {10.1140/epjc/s10052-013-2648-7},
   adsurl = {http://adsabs.harvard.edu/abs/2013EPJC...73.2648B},
  adsnote = {Provided by the SAO/NASA Astrophysics Data System}
}

@article{Agnese2013,
  title = {Silicon Detector Dark Matter Results from the Final Exposure of CDMS II},
  author = {Agnese, R. and others},
collaboration = {CDMS Collaboration},
  journal = {\prl},
  volume = {111},
  issue = {25},
  pages = {251301},
  numpages = {6},
  year = {2013},
  month = {Dec},
  publisher = {American Physical Society},
  doi = {10.1103/PhysRevLett.111.251301},
}

@ARTICLE{CDMS2013,
   author = {{Agnese}, R. and others},
    title = "{Silicon Detector Dark Matter Results from the Final Exposure of CDMS II}",
collaboration = {CDMS Collaboration},
  journal = {\prl},
 keywords = {Dark matter, Supersymmetric partners of known particles, Solid-state detectors, Neutrino muon pion and other elementary particle detectors, cosmic ray detectors},
     year = 2013,
    month = dec,
   volume = 111,
   number = 25,
      eid = {251301},
    pages = {251301},
      doi = {10.1103/PhysRevLett.111.251301},
   adsurl = {http://adsabs.harvard.edu/abs/2013PhRvL.111y1301A},
  adsnote = {Provided by the SAO/NASA Astrophysics Data System}
}

@ARTICLE{Bi2013,
   author = {{Bi}, X.-J. and {Yin}, P.-F. and {Yuan}, Q.},
    title = "{Status of dark matter detection}",
  journal = {\fp},
archivePrefix = "arXiv",
   eprint = {1409.4590},
 primaryClass = "hep-ph",
 keywords = {dark matter, annihilation, cosmic rays, gamma rays},
     year = 2013,
    month = dec,
   volume = 8,
    pages = {794-827},
      doi = {10.1007/s11467-013-0330-z},
   adsurl = {http://adsabs.harvard.edu/abs/2013FrPhy...8..794B},
  adsnote = {Provided by the SAO/NASA Astrophysics Data System}
}

@ARTICLE{CoGeNT2014,
   author = {{Aalseth}, C.~E. and others},
    title = "{Search for An Annual Modulation in Three Years of CoGeNT Dark Matter Detector Data}",
collaboration = {CoGeNT Collaboration},
  journal = {ArXiv e-prints},
archivePrefix = "arXiv",
   eprint = {1401.3295},
 primaryClass = "astro-ph.CO",
 keywords = {Astrophysics - Cosmology and Extragalactic Astrophysics, High Energy Physics - Experiment, High Energy Physics - Phenomenology},
     year = 2014,
    month = jan,
   adsurl = {http://adsabs.harvard.edu/abs/2014arXiv1401.3295A},
  adsnote = {Provided by the SAO/NASA Astrophysics Data System}
}

@ARTICLE{Aalseth2014,
   author = {{Aalseth}, C.~E. and others},
    title = "{Maximum Likelihood Signal Extraction Method Applied to 3.4 years of CoGeNT Data}",
  journal = {\arxiv},
archivePrefix = "arXiv",
   eprint = {1401.6234},
 keywords = {Astrophysics - Cosmology and Nongalactic Astrophysics, High Energy Physics - Experiment, High Energy Physics - Phenomenology, Nuclear Experiment},
     year = 2014,
    month = jan,
   adsurl = {http://adsabs.harvard.edu/abs/2014arXiv1401.6234A},
  adsnote = {Provided by the SAO/NASA Astrophysics Data System}
}

@ARTICLE{Albert2014,
   author = {{Albert}, J.~B. and others},
    title = "{Improved measurement of the 2{$\nu$}{$\beta$}{$\beta$} half-life of $^{136}$Xe with the EXO-200 detector}",
collaboration = {EXO Collaboration},
  journal = {\prc},
archivePrefix = "arXiv",
   eprint = {1306.6106},
 primaryClass = "nucl-ex",
 keywords = {Beta decay, double beta decay, electron and muon capture, Lifetimes, Neutrino mass and mixing, 90\&lt, =A\&lt, =149},
     year = 2014,
    month = jan,
   volume = 89,
   number = 1,
      eid = {015502},
    pages = {015502},
      doi = {10.1103/PhysRevC.89.015502},
   adsurl = {http://adsabs.harvard.edu/abs/2014PhRvC..89a5502A},
  adsnote = {Provided by the SAO/NASA Astrophysics Data System}
}

@ARTICLE{Nelson2014,
   author = {{Nelson}, B. and {Ford}, E.~B. and {Payne}, M.~J.},
    title = "{RUN DMC: An Efficient, Parallel Code for Analyzing Radial Velocity Observations Using N-body Integrations and Differential Evolution Markov Chain Monte Carlo}",
  journal = {\apjs},
archivePrefix = "arXiv",
   eprint = {1311.5229},
 primaryClass = "astro-ph.EP",
 keywords = {methods: statistical, planetary systems, techniques: radial velocities },
     year = 2014,
    month = jan,
   volume = 210,
      eid = {11},
    pages = {11},
      doi = {10.1088/0067-0049/210/1/11},
   adsurl = {http://adsabs.harvard.edu/abs/2014ApJS..210...11N},
  adsnote = {Provided by the SAO/NASA Astrophysics Data System}
}

@ARTICLE{Piffl2014,
   author = {{Piffl}, T. and others},
    title = "{The RAVE survey: the Galactic escape speed and the mass of the Milky Way}",
  journal = {\aap},
archivePrefix = "arXiv",
   eprint = {1309.4293},
 primaryClass = "astro-ph.GA",
 keywords = {Galaxy: general, Galaxy: fundamental parameters, Galaxy: kinematics and dynamics, Galaxy: structure, Galaxy: halo},
     year = 2014,
    month = feb,
   volume = 562,
      eid = {A91},
    pages = {A91},
      doi = {10.1051/0004-6361/201322531},
   adsurl = {http://adsabs.harvard.edu/abs/2014A%26A...562A..91P},
  adsnote = {Provided by the SAO/NASA Astrophysics Data System}
}

@ARTICLE{Lindemann2014,
   author = {{Lindemann}, S. and {Simgen}, H.},
    title = "{Krypton assay in xenon at the ppq level using a gas chromatographic system and mass spectrometer}",
  journal = {\epjc},
archivePrefix = "arXiv",
   eprint = {1308.4806},
 primaryClass = "physics.ins-det",
     year = 2014,
    month = feb,
   volume = 74,
      eid = {2746},
    pages = {2746},
      doi = {10.1140/epjc/s10052-014-2746-1},
   adsurl = {http://adsabs.harvard.edu/abs/2014EPJC...74.2746L},
  adsnote = {Provided by the SAO/NASA Astrophysics Data System}
}

@ARTICLE{Mock2014,
   author = {{Mock}, J. and others},
    title = "{Modeling pulse characteristics in Xenon with NEST}",
  journal = {\jinst},
archivePrefix = "arXiv",
   eprint = {1310.1117},
 primaryClass = "physics.ins-det",
     year = 2014,
    month = apr,
   volume = 9,
      eid = {T04002},
    pages = {T04002},
      doi = {10.1088/1748-0221/9/04/T04002},
   adsurl = {http://adsabs.harvard.edu/abs/2014JInst...9.4002M},
  adsnote = {Provided by the SAO/NASA Astrophysics Data System}
}

@article{Pullia2014,
   author = {Pullia, A},
     year = {2014},
    month = {06},
    pages = {1-9},
    title = {Searches for Dark Matter with Superheated Liquid Techniques},
   volume = {2014},
booktitle = {Advances in High Energy Physics}
}

@ARTICLE{SIMPLE2014,
   author = {{Felizardo}, M. and others},
    title = "{The SIMPLE Phase II dark matter search}",
collaboration = {SIMPLE},
  journal = {\prd},
archivePrefix = "arXiv",
   eprint = {1404.4309},
 primaryClass = "hep-ph",
 keywords = {Dark matter, Radiation detectors, Neutrino muon pion and other elementary particle detectors, cosmic ray detectors},
     year = 2014,
    month = apr,
   volume = 89,
   number = 7,
      eid = {072013},
    pages = {072013},
      doi = {10.1103/PhysRevD.89.072013},
   adsurl = {http://adsabs.harvard.edu/abs/2014PhRvD..89g2013F},
  adsnote = {Provided by the SAO/NASA Astrophysics Data System}
}

@phdthesis{Faham2014,
   author = {{Faham}, C.~H.},
     year = 2014,
    month = may,
    title = "{Prototype, Surface Commissioning and Photomultiplier Tube Characterization for the Large Underground Xenon (LUX) Direct Dark Matter Search Experiment}",
   school = {Brown University}
}

@ARTICLE{Read2014,
   author = {{Read}, J.~I.},
    title = "{The local dark matter density}",
  journal = {\jpgnp},
archivePrefix = "arXiv",
   eprint = {1404.1938},
     year = 2014,
    month = jun,
   volume = 41,
   number = 6,
      eid = {063101},
    pages = {063101},
      doi = {10.1088/0954-3899/41/6/063101},
   adsurl = {http://adsabs.harvard.edu/abs/2014JPhG...41f3101R},
  adsnote = {Provided by the SAO/NASA Astrophysics Data System}
}

@ARTICLE{2014Davis,
   author = {{Davis}, J.~H.},
    title = "{Fitting the Annual Modulation in DAMA with Neutrons from Muons and Neutrinos}",
  journal = {\prl},
archivePrefix = "arXiv",
   eprint = {1407.1052},
 primaryClass = "hep-ph",
 keywords = {Dark matter, Solar neutrinos, Interactions with terrestrial matter},
     year = 2014,
    month = aug,
   volume = 113,
   number = 8,
      eid = {081302},
    pages = {081302},
      doi = {10.1103/PhysRevLett.113.081302},
   adsurl = {http://adsabs.harvard.edu/abs/2014PhRvL.113h1302D},
  adsnote = {Provided by the SAO/NASA Astrophysics Data System}
}

@ARTICLE{Davis2014,
   author = {{Davis}, J.~H. and {McCabe}, C. and {B{\oe}hm}, C.},
    title = "{Quantifying the evidence for dark matter in CoGeNT data}",
  journal = {\jcap},
archivePrefix = "arXiv",
   eprint = {1405.0495},
 primaryClass = "hep-ph",
     year = 2014,
    month = aug,
   volume = 8,
      eid = {014},
    pages = {014},
      doi = {10.1088/1475-7516/2014/08/014},
   adsurl = {http://adsabs.harvard.edu/abs/2014JCAP...08..014D},
  adsnote = {Provided by the SAO/NASA Astrophysics Data System}
}

@ARTICLE{Baudis2014,
   author = {{Baudis}, L.},
    title = "{WIMP dark matter direct-detection searches in noble gases}",
  journal = {\pdu},
archivePrefix = "arXiv",
   eprint = {1408.4371},
 primaryClass = "astro-ph.IM",
 keywords = {Dark matter, Direct detection, Noble gases, Argon, Xenon},
     year = 2014,
    month = sep,
   volume = 4,
    pages = {50-59},
      doi = {10.1016/j.dark.2014.07.001},
   adsurl = {http://adsabs.harvard.edu/abs/2014PDU.....4...50B},
  adsnote = {Provided by the SAO/NASA Astrophysics Data System}
}

@ARTICLE{Aprile2014,
   author = {{Aprile}, E. and others},
    title = "{First axion results from the XENON100 experiment}",
collaboration = {XENON Collaboration},
  journal = {\prd},
archivePrefix = "arXiv",
   eprint = {1404.1455},
 keywords = {Dark matter, Elementary particle processes, Models beyond the standard model, Cosmology},
     year = 2014,
    month = sep,
   volume = 90,
   number = 6,
      eid = {062009},
    pages = {062009},
      doi = {10.1103/PhysRevD.90.062009},
   adsurl = {http://adsabs.harvard.edu/abs/2014PhRvD..90f2009A},
  adsnote = {Provided by the SAO/NASA Astrophysics Data System}
}

@ARTICLE{CDEX2014,
   author = {{Yue}, Q. and others},
    title = "{Limits on light weakly interacting massive particles from the CDEX-1 experiment with a p-type point-contact germanium detector at the China Jinping Underground Laboratory}",
collaboration = {CDEX Collaboration},
  journal = {\prd},
archivePrefix = "arXiv",
   eprint = {1404.4946},
 primaryClass = "hep-ex",
 keywords = {Dark matter, Radiation detectors, Neutrino muon pion and other elementary particle detectors, cosmic ray detectors},
     year = 2014,
    month = nov,
   volume = 90,
   number = 9,
      eid = {091701},
    pages = {091701},
      doi = {10.1103/PhysRevD.90.091701},
   adsurl = {http://adsabs.harvard.edu/abs/2014PhRvD..90i1701Y},
  adsnote = {Provided by the SAO/NASA Astrophysics Data System}
}

@ARTICLE{Barros2014,
   author = {{Barros}, N. and {Thurn}, J. and {Zuber}, K.},
    title = "{Double beta decay searches of $^{134}$Xe, $^{126}$Xe and $^{124}$Xe with large scale Xe detectors}",
  journal = {\jpgnp},
archivePrefix = "arXiv",
   eprint = {1409.8308},
 primaryClass = "nucl-ex",
     year = 2014,
    month = nov,
   volume = 41,
   number = 11,
      eid = {115105},
    pages = {115105},
      doi = {10.1088/0954-3899/41/11/115105},
   adsurl = {http://adsabs.harvard.edu/abs/2014JPhG...41k5105B},
  adsnote = {Provided by the SAO/NASA Astrophysics Data System}
}

@ARTICLE{Barbea2014,
   author = {{Barbeau}, P.~S. and {Collar}, J.~I. and {Efremenko}, Y. and 
	{Scholberg}, K.},
    title = "{Comment on ``Fitting the Annual Modulation in DAMA with Neutrons from Muons and Neutrinos''}",
  journal = {\prl},
archivePrefix = "arXiv",
   eprint = {1409.3185},
 primaryClass = "hep-ph",
 keywords = {Dark matter, Solar neutrinos, Interactions with terrestrial matter},
     year = 2014,
    month = nov,
   volume = 113,
   number = 22,
      eid = {229001},
    pages = {229001},
      doi = {10.1103/PhysRevLett.113.229001},
   adsurl = {http://adsabs.harvard.edu/abs/2014PhRvL.113v9001B},
  adsnote = {Provided by the SAO/NASA Astrophysics Data System}
}

@ARTICLE{Shields2015,
   author = {{Shields}, E. and {Xu}, J. and {Calaprice}, F.},
    title = "{SABRE: A New NaI(T1) Dark Matter Direct Detection Experiment}",
  journal = {\physpro},
 keywords = {dark matter, WIMP, NaI(Tl), DAMA-LIBRA},
     year = 2015,
   volume = 61,
    pages = {169-178},
      doi = {10.1016/j.phpro.2014.12.028},
   adsurl = {http://adsabs.harvard.edu/abs/2015PhPro..61..169S},
  adsnote = {Provided by the SAO/NASA Astrophysics Data System}
}

@ARTICLE{CLEAN2015,
   author = {{Rielage}, K. and },
    title = "{Update on the MiniCLEAN Dark Matter Experiment}",
collaboration = {CLEAN Collaboration},
  journal = {\physpro},
archivePrefix = "arXiv",
   eprint = {1403.4842},
 primaryClass = "physics.ins-det",
 keywords = {dark matter, liquid argon, liquid neon, scintillation, WIMP, solar neutrinos},
     year = 2015,
   volume = 61,
    pages = {144-152},
      doi = {10.1016/j.phpro.2014.12.024},
   adsurl = {http://adsabs.harvard.edu/abs/2015PhPro..61..144R},
  adsnote = {Provided by the SAO/NASA Astrophysics Data System}
}

@ARTICLE{Israelashvili2015,
   author = {{Israelashvili}, I. and others},
    title = "{A comprehensive simulation study of a Liquid-Xe detector for contraband detection}",
  journal = {\jinst},
archivePrefix = "arXiv",
   eprint = {1501.00150},
 primaryClass = "physics.ins-det",
     year = 2015,
    month = mar,
   volume = 10,
      eid = {P03030},
    pages = {P03030},
      doi = {10.1088/1748-0221/10/03/P03030},
   adsurl = {http://adsabs.harvard.edu/abs/2015JInst..10P3030I},
  adsnote = {Provided by the SAO/NASA Astrophysics Data System}
}

@ARTICLE{Aprile2015a,
   author = {{Aprile}, E. and others},
    title = "{Exclusion of leptophilic dark matter models using XENON100 electronic recoil data}",
collaboration = {XENON Collaboration},
  journal = {\sci},
     year = 2015,
    month = aug,
   volume = 349,
    pages = {851-854},
      doi = {10.1126/science.aab2069},
   adsurl = {http://adsabs.harvard.edu/abs/2015Sci...349..851X},
  adsnote = {Provided by the SAO/NASA Astrophysics Data System}
}

@ARTICLE{Aprile2015b,
   author = {{Aprile}, E. and others},
    title = "{Lowering the radioactivity of the photomultiplier tubes for the XENON1T dark matter experiment}",
collaboration = {XENON Collaboration},
  journal = {\epjc},
archivePrefix = "arXiv",
   eprint = {1503.07698},
 primaryClass = "astro-ph.IM",
     year = 2015,
    month = nov,
   volume = 75,
      eid = {546},
    pages = {546},
      doi = {10.1140/epjc/s10052-015-3657-5},
   adsurl = {http://adsabs.harvard.edu/abs/2015EPJC...75..546A},
  adsnote = {Provided by the SAO/NASA Astrophysics Data System}
}

@ARTICLE{Klinger2015,
   author = {{Klinger}, J. and {Kudryavtsev}, V.~A.},
    title = "{Muon-Induced Neutrons Do Not Explain the DAMA Data}",
  journal = {\prl},
archivePrefix = "arXiv",
   eprint = {1503.07225},
 primaryClass = "hep-ph",
 keywords = {Dark matter, Interactions with terrestrial matter},
     year = 2015,
    month = apr,
   volume = 114,
   number = 15,
      eid = {151301},
    pages = {151301},
      doi = {10.1103/PhysRevLett.114.151301},
   adsurl = {http://adsabs.harvard.edu/abs/2015PhRvL.114o1301K},
  adsnote = {Provided by the SAO/NASA Astrophysics Data System}
}

@ARTICLE{SuperK2015,
   author = {{Choi}, K. and others},
    title = "{Search for Neutrinos from Annihilation of Captured Low-Mass Dark Matter Particles in the Sun by Super-Kamiokande}",
collaboration = {Super-Kamiokande Collaboration},
  journal = {\prl},
 keywords = {Dark matter, Cosmic rays, Cosmic rays},
     year = 2015,
    month = apr,
   volume = 114,
   number = 14,
      eid = {141301},
    pages = {141301},
      doi = {10.1103/PhysRevLett.114.141301},
   adsurl = {http://adsabs.harvard.edu/abs/2015PhRvL.114n1301C},
  adsnote = {Provided by the SAO/NASA Astrophysics Data System}
}

@ARTICLE{Amole2015,
   author = {{Amole}, C. and others},
    title = "{Dark Matter Search Results from the PICO-2L C$_{3}$F$_{8}$ Bubble Chamber}",
collaboration = {PICO Collaboration},
  journal = {\prl},
archivePrefix = "arXiv",
   eprint = {1503.00008},
 keywords = {Dark matter, Tracking and position-sensitive detectors, Calorimeters, Neutrino muon pion and other elementary particle detectors, cosmic ray detectors},
     year = 2015,
    month = jun,
   volume = 114,
   number = 23,
      eid = {231302},
    pages = {231302},
      doi = {10.1103/PhysRevLett.114.231302},
   adsurl = {http://adsabs.harvard.edu/abs/2015PhRvL.114w1302A},
  adsnote = {Provided by the SAO/NASA Astrophysics Data System}
}

@ARTICLE{CRESST2015,
   author = {{Strauss}, R. and others},
    title = "{A detector module with highly efficient surface-alpha event rejection operated in CRESST-II Phase 2}",
collaboration = {CRESST},
  journal = {\epjc},
archivePrefix = "arXiv",
   eprint = {1410.1753},
 primaryClass = "physics.ins-det",
     year = 2015,
    month = aug,
   volume = 75,
      eid = {352},
    pages = {352},
      doi = {10.1140/epjc/s10052-015-3572-9},
   adsurl = {http://adsabs.harvard.edu/abs/2015EPJC...75..352S},
  adsnote = {Provided by the SAO/NASA Astrophysics Data System}
}

@ARTICLE{Yoo2015,
   author = {{Yoo}, J. and {Jaskierny}, W.~F.},
    title = "{Electron drift in a large scale solid xenon}",
  journal = {\jinst},
archivePrefix = "arXiv",
   eprint = {1508.05903},
 primaryClass = "physics.ins-det",
     year = 2015,
    month = aug,
   volume = 10,
      eid = {P08011},
    pages = {P08011},
      doi = {10.1088/1748-0221/10/08/P08011},
   adsurl = {http://adsabs.harvard.edu/abs/2015JInst..10P8011Y},
  adsnote = {Provided by the SAO/NASA Astrophysics Data System}
}

@ARTICLE{Faham2015,
   author = {{Faham}, C.~H. and {Gehman}, V.~M. and {Currie}, A. and {Dobi}, A. and 
	{Sorensen}, P. and {Gaitskell}, R.~J.},
    title = "{Measurements of wavelength-dependent double photoelectron emission from single photons in VUV-sensitive photomultiplier tubes}",
  journal = {\jinst},
archivePrefix = "arXiv",
   eprint = {1506.08748},
 primaryClass = "physics.ins-det",
     year = 2015,
    month = sep,
   volume = 10,
      eid = {P09010},
    pages = {P09010},
      doi = {10.1088/1748-0221/2015/9/P09010},
   adsurl = {http://adsabs.harvard.edu/abs/2015JInst..10P9010F},
  adsnote = {Provided by the SAO/NASA Astrophysics Data System}
}

@ARTICLE{CDMS2015,
   author = {{Agnese}, R. and others},
    title = "{Improved WIMP-search reach of the CDMS II germanium data}",
collaboration = {SuperCDMS Collaboration},
  journal = {\prd},
archivePrefix = "arXiv",
   eprint = {1504.05871},
 primaryClass = "hep-ex",
 keywords = {Dark matter, Elementary particle processes, Superconducting optical X-ray and gamma-ray detectors, Solid-state detectors},
     year = 2015,
    month = oct,
   volume = 92,
   number = 7,
      eid = {072003},
    pages = {072003},
      doi = {10.1103/PhysRevD.92.072003},
   adsurl = {http://adsabs.harvard.edu/abs/2015PhRvD..92g2003A},
  adsnote = {Provided by the SAO/NASA Astrophysics Data System}
}

@ARTICLE{Bagnaschi2015,
   author = {{Bagnaschi}, E.~A. and others},
    title = "{Supersymmetric dark matter after LHC run 1}",
  journal = {\epjc},
archivePrefix = "arXiv",
   eprint = {1508.01173},
 primaryClass = "hep-ph",
     year = 2015,
    month = oct,
   volume = 75,
      eid = {500},
    pages = {500},
      doi = {10.1140/epjc/s10052-015-3718-9},
   adsurl = {http://adsabs.harvard.edu/abs/2015EPJC...75..500B},
  adsnote = {Provided by the SAO/NASA Astrophysics Data System}
}

@ARTICLE{NEST2015,
   author = {{Lenardo}, B. and {Kazkaz}, K. and {Manalaysay}, A. and {Mock}, J. and 
	{Szydagis}, M. and {Tripathi}, M.},
    title = "{A Global Analysis of Light and Charge Yields in Liquid Xenon}",
  journal = {\ieeetns},
archivePrefix = "arXiv",
   eprint = {1412.4417},
 primaryClass = "astro-ph.IM",
     year = 2015,
    month = dec,
   volume = 62,
    pages = {3387-3396},
      doi = {10.1109/TNS.2015.2481322},
   adsurl = {http://adsabs.harvard.edu/abs/2015ITNS...62.3387L},
  adsnote = {Provided by the SAO/NASA Astrophysics Data System}
}

@phdthesis{Knoche2016,
   author = {{Knoche}, R.},
     year = 2016,
    title = "{Signal Corrections and Calibrations in the LUX Dark Matter Detector}",
  journal = {PhD Thesis, University of Maryland}
}

@ARTICLE{Undagoitia2016,
   author = {{Marrod{\'a}n Undagoitia}, T. and {Rauch}, L.},
    title = "{Dark matter direct-detection experiments}",
  journal = {\jpgnp},
archivePrefix = "arXiv",
   eprint = {1509.08767},
 primaryClass = "physics.ins-det",
     year = 2016,
    month = jan,
   volume = 43,
   number = 1,
      eid = {013001},
    pages = {013001},
      doi = {10.1088/0954-3899/43/1/013001},
   adsurl = {http://adsabs.harvard.edu/abs/2016JPhG...43a3001M},
  adsnote = {Provided by the SAO/NASA Astrophysics Data System}
}

@INPROCEEDINGS{Zitzer2016,
   author = {{Zitzer}, B. and others},
    title = "{A Search for Dark Matter from Dwarf Galaxies using VERITAS}",
booktitle = {Proceedings of the 38th International Conference on High Energy Physics (ICHEP2016). 3-10 August 2016. Chicago, USA.},
     year = 2016,
archivePrefix = "arXiv",
   eprint = {1509.01105},
 primaryClass = "astro-ph.HE",
      eid = {446},
    pages = {446},
   adsurl = {http://adsabs.harvard.edu/abs/2016chep.confE.446Z},
  adsnote = {Provided by the SAO/NASA Astrophysics Data System}
}

@ARTICLE{CRESST2016,
   author = {{Angloher}, G. and others},
    title = "{Results on light dark matter particles with a low-threshold CRESST-II detector}",
collaboration = {CRESST},
  journal = {\epjc},
archivePrefix = "arXiv",
   eprint = {1509.01515},
     year = 2016,
    month = jan,
   volume = 76,
      eid = {25},
    pages = {25},
      doi = {10.1140/epjc/s10052-016-3877-3},
   adsurl = {http://adsabs.harvard.edu/abs/2016EPJC...76...25A},
  adsnote = {Provided by the SAO/NASA Astrophysics Data System}
}

@ARTICLE{PandaXII2016a,
   author = {{Fu}, C. and others},
    title = "{Spin-Dependent Weakly-Interacting-Massive-Particle-Nucleon Cross Section Limits from First Data of PandaX-II Experiment}",
collaboration = {PandaX-II Collaboration},
  journal = {\prl},
archivePrefix = "arXiv",
   eprint = {1611.06553},
 primaryClass = "hep-ex",
     year = 2017,
    month = feb,
   volume = 118,
   number = 7,
      eid = {071301},
    pages = {071301},
      doi = {10.1103/PhysRevLett.118.071301},
   adsurl = {http://adsabs.harvard.edu/abs/2017PhRvL.118g1301F},
  adsnote = {Provided by the SAO/NASA Astrophysics Data System}
}

@ARTICLE{CDMSLite2016,
   author = {{Agnese}, R. and others},
    title = "{New Results from the Search for Low-Mass Weakly Interacting Massive Particles with the CDMS Low Ionization Threshold Experiment}",
collaboration = {SuperCDMS Collaboration},
  journal = {\prl},
     year = 2016,
    month = feb,
   volume = 116,
   number = 7,
      eid = {071301},
    pages = {071301},
      doi = {10.1103/PhysRevLett.116.071301},
   adsurl = {http://adsabs.harvard.edu/abs/2016PhRvL.116g1301A},
  adsnote = {Provided by the SAO/NASA Astrophysics Data System}
}

@ARTICLE{Paolis2016,
   author = {{De Paolis}, F. and {Giordano}, M. and {Ingrosso}, G. and {Manni}, L. and 
	{Nucita}, A. and {Strafella}, F.},
    title = "{The Scales of Gravitational Lensing}",
  journal = {\universe},
archivePrefix = "arXiv",
   eprint = {1604.06601},
     year = 2016,
    month = mar,
   volume = 2,
    pages = {6},
      doi = {10.3390/universe2010006},
   adsurl = {http://adsabs.harvard.edu/abs/2016Univ....2....6D},
  adsnote = {Provided by the SAO/NASA Astrophysics Data System}
}

@ARTICLE{PICO2016a,
   author = {{Amole}, C. and others},
    title = "{Dark matter search results from the PICO-60 CF$_{3}$I bubble chamber}",
collaboration = {PICO Collaboration},
  journal = {\prd},
archivePrefix = "arXiv",
   eprint = {1510.07754},
 primaryClass = "hep-ex",
     year = 2016,
    month = mar,
   volume = 93,
   number = 5,
      eid = {052014},
    pages = {052014},
      doi = {10.1103/PhysRevD.93.052014},
   adsurl = {http://adsabs.harvard.edu/abs/2016PhRvD..93e2014A},
  adsnote = {Provided by the SAO/NASA Astrophysics Data System}
}

@ARTICLE{PICO2016b,
   author = {{Amole}, C. and others},
    title = "{Improved dark matter search results from PICO-2L Run 2}",
collaboration = {PICO Collaboration},
  journal = {\prd},
archivePrefix = "arXiv",
   eprint = {1601.03729},
     year = 2016,
    month = mar,
   volume = 93,
   number = 6,
      eid = {061101},
    pages = {061101},
      doi = {10.1103/PhysRevD.93.061101},
   adsurl = {http://adsabs.harvard.edu/abs/2016PhRvD..93f1101A},
  adsnote = {Provided by the SAO/NASA Astrophysics Data System}
}

@unpublished{PandaX2016b,
   author = {{Ji}, X.},
    title = "{Status of the PandaX Experiment at China Jinping Underground Lab}",
     year = {2016},
     note = {UCLA Dark Matter 2016},
      URL = {https://conferences.pa.ucla.edu/dm16/talks/xiangdongji.pdf},
}

@ARTICLE{Aprile2016a,
   author = {{Aprile}, E. and others},
    title = "{Physics reach of the XENON1T dark matter experiment.}",
collaboration = {XENON Collaboration},
  journal = {\jcap},
archivePrefix = "arXiv",
   eprint = {1512.07501},
 primaryClass = "physics.ins-det",
     year = 2016,
    month = apr,
   volume = 4,
      eid = {027},
    pages = {027},
      doi = {10.1088/1475-7516/2016/04/027},
   adsurl = {http://adsabs.harvard.edu/abs/2016JCAP...04..027A},
  adsnote = {Provided by the SAO/NASA Astrophysics Data System}
}

@ARTICLE{LUX2016,
   author = {{Akerib}, D.~S. and others},
    title = "{Tritium calibration of the LUX dark matter experiment}",
collaboration = {LUX Collaboration},
  journal = {\prd},
     year = 2016,
    month = apr,
   volume = 93,
   number = 7,
      eid = {072009},
    pages = {072009},
      doi = {10.1103/PhysRevD.93.072009},
   adsurl = {http://adsabs.harvard.edu/abs/2016PhRvD..93g2009A},
  adsnote = {Provided by the SAO/NASA Astrophysics Data System}
}

@ARTICLE{EDELWEISS2016,
   author = {{Armengaud}, E. and others},
    title = "{Constraints on low-mass WIMPs from the EDELWEISS-III dark matter search}",
collaboration = {EDELWEISS},
  journal = {\jcap},
archivePrefix = "arXiv",
   eprint = {1603.05120},
     year = 2016,
    month = may,
   volume = 5,
      eid = {019},
    pages = {019},
      doi = {10.1088/1475-7516/2016/05/019},
   adsurl = {http://adsabs.harvard.edu/abs/2016JCAP...05..019A},
  adsnote = {Provided by the SAO/NASA Astrophysics Data System}
}

@ARTICLE{McCabe2016,
   author = {{McCabe}, C.},
    title = "{Prospects for dark matter detection with inelastic transitions of xenon}",
  journal = {\jcap},
archivePrefix = "arXiv",
   eprint = {1512.00460},
 primaryClass = "hep-ph",
     year = 2016,
    month = may,
   volume = 5,
      eid = {033},
    pages = {033},
      doi = {10.1088/1475-7516/2016/05/033},
   adsurl = {http://adsabs.harvard.edu/abs/2016JCAP...05..033M},
  adsnote = {Provided by the SAO/NASA Astrophysics Data System}
}

@ARTICLE{LUX2016b,
   author = {{Akerib}, D.~S. and others},
    title = "{Low-energy (0.7-74 keV) nuclear recoil calibration of the LUX dark matter experiment using D-D neutron scattering kinematics}",
collaboration = {LUX Collaboration},
  journal = {\arxiv},
archivePrefix = "arXiv",
   eprint = {1608.05381},
 primaryClass = "physics.ins-det",
 keywords = {Physics - Instrumentation and Detectors, Astrophysics - Instrumentation and Methods for Astrophysics, High Energy Physics - Experiment},
     year = 2016,
    month = aug,
   adsurl = {http://adsabs.harvard.edu/abs/2016arXiv160805381L},
  adsnote = {Provided by the SAO/NASA Astrophysics Data System}
}

@ARTICLE{Planck2016,
   author = {{Ade}, P.~A.~R. and others},
    title = "{Planck 2015 results. XIII. Cosmological parameters}",
collaboration = {Planck Collaboration},
  journal = {\aap},
archivePrefix = "arXiv",
   eprint = {1502.01589},
 keywords = {cosmology: observations, cosmology: theory, cosmic background radiation, cosmological parameters},
     year = 2016,
    month = sep,
   volume = 594,
      eid = {A13},
    pages = {A13},
      doi = {10.1051/0004-6361/201525830},
   adsurl = {http://adsabs.harvard.edu/abs/2016A%26A...594A..13P},
  adsnote = {Provided by the SAO/NASA Astrophysics Data System}
}

@ARTICLE{Takiya2016,
   author = {{Takiya}, H. and others},
    title = "{A measurement of the time profile of scintillation induced by low energy gamma-rays in liquid xenon with the XMASS-I detector}",
  journal = {\nimpra},
 keywords = {Decay time constant, Liquid xenon, Scintillator},
     year = 2016,
    month = oct,
   volume = 834,
    pages = {192-196},
      doi = {10.1016/j.nima.2016.08.014},
   adsurl = {http://adsabs.harvard.edu/abs/2016NIMPA.834..192T},
  adsnote = {Provided by the SAO/NASA Astrophysics Data System}
}

@article{Patrignani2016,
   author = {{Patrignani}, C. and Particle Data Group},
    title = "{Review of Particle Physics}",
  journal = {\chinpc},
   volume = {40},
   number = {10},
    pages = {100001},
      url = {http://stacks.iop.org/1674-1137/40/i=10/a=100001},
     year = {2016},
}

@ARTICLE{Lelli2016,
   author = {{Lelli}, F. and {McGaugh}, S.~S. and {Schombert}, J.~M.},
    title = "{SPARC: Mass Models for 175 Disk Galaxies with Spitzer Photometry and Accurate Rotation Curves}",
  journal = {\aj},
archivePrefix = "arXiv",
   eprint = {1606.09251},
 keywords = {dark matter, galaxies: dwarf, galaxies: irregular, galaxies: kinematics and dynamics, galaxies: spiral, galaxies: structure},
     year = 2016,
    month = dec,
   volume = 152,
      eid = {157},
    pages = {157},
      doi = {10.3847/0004-6256/152/6/157},
   adsurl = {http://adsabs.harvard.edu/abs/2016AJ....152..157L},
  adsnote = {Provided by the SAO/NASA Astrophysics Data System}
}

@ARTICLE{Aprile2016c,
   author = {{Aprile}, E. and others},
    title = "{XENON100 dark matter results from a combination of 477 live days}",
  journal = {\prd},
archivePrefix = "arXiv",
   eprint = {1609.06154},
     year = 2016,
    month = dec,
   volume = 94,
   number = 12,
      eid = {122001},
    pages = {122001},
      doi = {10.1103/PhysRevD.94.122001},
   adsurl = {http://adsabs.harvard.edu/abs/2016PhRvD..94l2001A},
  adsnote = {Provided by the SAO/NASA Astrophysics Data System}
}

@ARTICLE{Neves2017,
   author = {{Neves}, F. and others},
    title = "{Measurement of the absolute reflectance of polytetrafluoroethylene (PTFE) immersed in liquid xenon}",
  journal = {\jinst},
archivePrefix = "arXiv",
   eprint = {1612.07965},
 primaryClass = "physics.ins-det",
     year = 2017,
    month = jan,
   volume = 12,
    pages = {P01017},
      doi = {10.1088/1748-0221/12/01/P01017},
   adsurl = {http://adsabs.harvard.edu/abs/2017JInst..12P1017N},
  adsnote = {Provided by the SAO/NASA Astrophysics Data System}
}

@ARTICLE{Barrow2017,
   author = {{Barrow}, P. and others},
    title = "{Qualification tests of the R11410-21 photomultiplier tubes for the XENON1T detector}",
  journal = {\jinst},
archivePrefix = "arXiv",
   eprint = {1609.01654},
 primaryClass = "astro-ph.IM",
     year = 2017,
    month = jan,
   volume = 12,
    pages = {P01024},
      doi = {10.1088/1748-0221/12/01/P01024},
   adsurl = {http://adsabs.harvard.edu/abs/2017JInst..12P1024B},
  adsnote = {Provided by the SAO/NASA Astrophysics Data System}
}

@article{LUX2017a,
  title = {Results from a Search for Dark Matter in the Complete LUX Exposure},
  author = {Akerib, D. S. and others},
collaboration = {LUX Collaboration},
  journal = {\prl},
  volume = {118},
  issue = {2},
  pages = {021303},
  numpages = {8},
  year = {2017},
  month = {Jan},
  publisher = {American Physical Society},
  doi = {10.1103/PhysRevLett.118.021303},
}

@ARTICLE{LUX2017b,
   author = {{Akerib}, D.~S. and others},
    title = "{Signal yields, energy resolution, and recombination fluctuations in liquid xenon}",
collaboration = {LUX Collaboration},
  journal = {\prd},
archivePrefix = "arXiv",
   eprint = {1610.02076},
 primaryClass = "physics.ins-det",
     year = 2017,
    month = jan,
   volume = 95,
   number = 1,
      eid = {012008},
    pages = {012008},
      doi = {10.1103/PhysRevD.95.012008},
   adsurl = {http://adsabs.harvard.edu/abs/2017PhRvD..95a2008A},
  adsnote = {Provided by the SAO/NASA Astrophysics Data System}
}

@ARTICLE{Yaguna2017,
   author = {{Yaguna}, C.~E.},
    title = "{Isospin-violating dark matter in the light of recent data}",
  journal = {\prd},
archivePrefix = "arXiv",
   eprint = {1610.08683},
 primaryClass = "hep-ph",
     year = 2017,
    month = mar,
   volume = 95,
   number = 5,
      eid = {055015},
    pages = {055015},
      doi = {10.1103/PhysRevD.95.055015},
   adsurl = {http://adsabs.harvard.edu/abs/2017PhRvD..95e5015Y},
  adsnote = {Provided by the SAO/NASA Astrophysics Data System}
}

@article{Aprile2017a,
  title = "{Search for Electronic Recoil Event Rate Modulation with 4 Years of XENON100 Data}",
  author = {{Aprile}, E. and others},
  collaboration = {XENON Collaboration},
  journal = {\prl},
  volume = {118},
  issue = {10},
  pages = {101101},
  numpages = {6},
  year = {2017},
  month = {Mar},
  publisher = {American Physical Society},
  doi = {10.1103/PhysRevLett.118.101101},
}

@ARTICLE{IceCube2017,
   author = {{Aartsen}, M.~G. and others},
    title = "{Search for annihilating dark matter in the Sun with 3 years of IceCube data}",
collaboration = {IceCube Collaboration},
  journal = {\epjc},
archivePrefix = "arXiv",
   eprint = {1612.05949},
 primaryClass = "astro-ph.HE",
     year = 2017,
    month = mar,
   volume = 77,
      eid = {146},
    pages = {146},
      doi = {10.1140/epjc/s10052-017-4689-9},
   adsurl = {http://adsabs.harvard.edu/abs/2017EPJC...77..146A},
  adsnote = {Provided by the SAO/NASA Astrophysics Data System}
}

@ARTICLE{Bruenner2017,
   author = {{Bruenner}, S. and {Cichon}, D. and {Lindemann}, S. and {Undagoitia}, T.~M. and 
	{Simgen}, H.},
    title = "{Radon depletion in xenon boil-off gas}",
  journal = {\epjc},
archivePrefix = "arXiv",
   eprint = {1611.03737},
 primaryClass = "physics.ins-det",
     year = 2017,
    month = mar,
   volume = 77,
      eid = {143},
    pages = {143},
      doi = {10.1140/epjc/s10052-017-4676-1},
   adsurl = {http://adsabs.harvard.edu/abs/2017EPJC...77..143B},
  adsnote = {Provided by the SAO/NASA Astrophysics Data System}
}

@ARTICLE{PICASSO2017,
   author = {{Behnke}, E. and others},
    title = "{Final results of the PICASSO dark matter search experiment}",
collaboration = {PICASSO},
  journal = {\app},
archivePrefix = "arXiv",
   eprint = {1611.01499},
 primaryClass = "hep-ex",
 keywords = {Dark matter, WIMPs, Superheated droplets, SNOLAB},
     year = 2017,
    month = apr,
   volume = 90,
    pages = {85-92},
      doi = {10.1016/j.astropartphys.2017.02.005},
   adsurl = {http://adsabs.harvard.edu/abs/2017APh....90...85B},
  adsnote = {Provided by the SAO/NASA Astrophysics Data System}
}

@ARTICLE{Priel2017,
   author = {{Priel}, N. and {Rauch}, L. and {Landsman}, H. and {Manfredini}, A. and 
	{Budnik}, R.},
    title = "{A model independent safeguard against background mismodeling for statistical inference}",
  journal = {\jcap},
archivePrefix = "arXiv",
   eprint = {1610.02643},
 primaryClass = "physics.data-an",
     year = 2017,
    month = may,
   volume = 5,
      eid = {013},
    pages = {013},
      doi = {10.1088/1475-7516/2017/05/013},
   adsurl = {http://adsabs.harvard.edu/abs/2017JCAP...05..013P},
  adsnote = {Provided by the SAO/NASA Astrophysics Data System}
}

@ARTICLE{Aprile2016b,
   author = {{Aprile}, E. and others},
    title = "{Removing krypton from xenon by cryogenic distillation to the ppq level}",
  journal = {\epjc},
     year = 2017,
    month = may,
   volume = 77,
      eid = {275},
    pages = {275},
      doi = {10.1140/epjc/s10052-017-4757-1},
   adsurl = {http://adsabs.harvard.edu/abs/2017EPJC...77..275A},
  adsnote = {Provided by the SAO/NASA Astrophysics Data System}
}

@ARTICLE{PICO2017,
   author = {{Amole}, C. and others},
    title = "{Dark Matter Search Results from the PICO-60 C$_{3}$F$_{8}$ Bubble Chamber}",
collaboration = {PICO Collaboration},
  journal = {\prl},
archivePrefix = "arXiv",
   eprint = {1702.07666},
     year = 2017,
    month = jun,
   volume = 118,
   number = 25,
      eid = {251301},
    pages = {251301},
      doi = {10.1103/PhysRevLett.118.251301},
   adsurl = {http://adsabs.harvard.edu/abs/2017PhRvL.118y1301A},
  adsnote = {Provided by the SAO/NASA Astrophysics Data System}
}

@ARTICLE{2017Geis,
   author = {{Geis}, C. and {Grignon}, C. and {Oberlack}, U. and {Ram{\'{\i}}rez Garc{\'{\i}}a}, D. and 
	{Weitzel}, Q.},
    title = "{Optical response of highly reflective film used in the water Cherenkov muon veto of the XENON1T dark matter experiment}",
  journal = {\jinst},
archivePrefix = "arXiv",
   eprint = {1706.03687},
 primaryClass = "physics.ins-det",
     year = 2017,
    month = jun,
   volume = 12,
    pages = {P06017},
      doi = {10.1088/1748-0221/12/06/P06017},
   adsurl = {http://adsabs.harvard.edu/abs/2017JInst..12P6017G},
  adsnote = {Provided by the SAO/NASA Astrophysics Data System}
}

@ARTICLE{CAST2017,
       author = {{Anastassopoulos}, V. and others},
        title = "{New CAST limit on the axion-photon interaction}",
collaboration = {CAST},
      journal = {\nap},
         year = 2017,
        month = Jun,
       volume = {13},
        pages = {584-590},
          doi = {10.1038/nphys4109},
       adsurl = {https://ui.adsabs.harvard.edu/#abs/2017NatPh..13..584A},
      adsnote = {Provided by the SAO/NASA Astrophysics Data System}
}

@ARTICLE{Aprile2017d,
   author = {{Aprile}, E. and others},
    title = "{Online $^{222}$Rn removal by cryogenic distillation in the XENON100 experiment}",
collaboration = {XENON Collaboration},
  journal = {\epjc},
     year = 2017,
    month = jun,
   volume = 77,
      eid = {358},
    pages = {358},
      doi = {10.1140/epjc/s10052-017-4902-x},
   adsurl = {http://adsabs.harvard.edu/abs/2017EPJC...77..358A},
  adsnote = {Provided by the SAO/NASA Astrophysics Data System}
}

@ARTICLE{2017arXiv170705312G,
   author = {{Garcon}, A. and others},
    title = "{The Cosmic Axion Spin Precession Experiment (CASPEr): a dark-matter search with nuclear magnetic resonance}",
collaboration = {CASPEr Collaboration},
  journal = {\arxiv},
archivePrefix = "arXiv",
   eprint = {1707.05312},
 primaryClass = "physics.ins-det",
 keywords = {Physics - Instrumentation and Detectors, High Energy Physics - Phenomenology, Physics - Applied Physics, Physics - Data Analysis, Statistics and Probability, Quantum Physics},
     year = 2017,
    month = jul,
   adsurl = {http://adsabs.harvard.edu/abs/2017arXiv170705312G},
  adsnote = {Provided by the SAO/NASA Astrophysics Data System}
}

@ARTICLE{Aprile2017h,
   author = {{Aprile}, E. and others},
    title = "{Search for WIMP inelastic scattering off xenon nuclei with XENON100}",
collaboration = {XENON Collaboration},
  journal = {\prd},
archivePrefix = "arXiv",
   eprint = {1705.05830},
 primaryClass = "hep-ex",
     year = 2017,
    month = jul,
   volume = 96,
   number = 2,
      eid = {022008},
    pages = {022008},
      doi = {10.1103/PhysRevD.96.022008},
   adsurl = {http://adsabs.harvard.edu/abs/2017PhRvD..96b2008A},
  adsnote = {Provided by the SAO/NASA Astrophysics Data System}
}

@ARTICLE{Alpigiani2017,
   author = {{Alpigiani}, C.},
    title = "{Searches for Dark Matter in ATLAS}",
  journal = {\arxiv},
archivePrefix = "arXiv",
   eprint = {1708.09674},
 primaryClass = "hep-ex",
 keywords = {High Energy Physics - Experiment},
     year = 2017,
    month = aug,
   adsurl = {http://adsabs.harvard.edu/abs/2017arXiv170809674A},
  adsnote = {Provided by the SAO/NASA Astrophysics Data System}
}

@ARTICLE{Bullock2017,
   author = {{Bullock}, J.~S. and {Boylan-Kolchin}, M.},
    title = "{Small-Scale Challenges to the {$\Lambda$}CDM Paradigm}",
  journal = {\araa},
archivePrefix = "arXiv",
   eprint = {1707.04256},
     year = 2017,
    month = aug,
   volume = 55,
    pages = {343-387},
      doi = {10.1146/annurev-astro-091916-055313},
   adsurl = {http://adsabs.harvard.edu/abs/2017ARA%26A..55..343B},
  adsnote = {Provided by the SAO/NASA Astrophysics Data System}
}

@ARTICLE{Saldanha2017,
   author = {{Saldanha}, R. and {Grandi}, L. and {Guardincerri}, Y. and {Wester}, T.
	},
    title = "{Model independent approach to the single photoelectron calibration of photomultiplier tubes}",
  journal = {\nimpra},
archivePrefix = "arXiv",
   eprint = {1602.03150},
 primaryClass = "physics.ins-det",
 keywords = {Photomultiplier tubes, Single photoelectron response, Calibration},
     year = 2017,
    month = aug,
   volume = 863,
    pages = {35-46},
      doi = {10.1016/j.nima.2017.02.086},
   adsurl = {http://adsabs.harvard.edu/abs/2017NIMPA.863...35S},
  adsnote = {Provided by the SAO/NASA Astrophysics Data System}
}

@ARTICLE{PIXeY2017,
   author = {{Boulton}, E.~M. and others},
    title = "{Calibration of a two-phase xenon time projection chamber with a $^{37}$Ar source}",
  journal = {\jinst},
archivePrefix = "arXiv",
   eprint = {1705.08958},
 primaryClass = "physics.ins-det",
     year = 2017,
    month = aug,
   volume = 12,
    pages = {P08004},
      doi = {10.1088/1748-0221/12/08/P08004},
   adsurl = {http://adsabs.harvard.edu/abs/2017JInst..12P8004B},
  adsnote = {Provided by the SAO/NASA Astrophysics Data System}
}

@ARTICLE{SuperCDMS2017,
   author = {{Agnese}, R. and others},
    title = "{Results from the Super Cryogenic Dark Matter Search Experiment at Soudan}",
  journal = {\prl},
     year = 2018,
    month = feb,
   volume = 120,
   number = 6,
      eid = {061802},
    pages = {061802},
      doi = {10.1103/PhysRevLett.120.061802},
   adsurl = {http://adsabs.harvard.edu/abs/2018PhRvL.120f1802A},
  adsnote = {Provided by the SAO/NASA Astrophysics Data System}
}

@ARTICLE{PandaXII2017,
   author = {{Cui}, X. and others},
    title = "{Dark Matter Results From 54-Ton-Day Exposure of PandaX-II Experiment}",
collaboration = {PandaX-II Collaboration},
  journal = {\prl},
archivePrefix = "arXiv",
   eprint = {1708.06917},
 keywords = {Astrophysics - Cosmology and Nongalactic Astrophysics, High Energy Physics - Experiment, High Energy Physics - Phenomenology, Physics - Instrumentation and Detectors},
     year = 2017,
    month = oct,
   volume = {119},
    issue = {18},
    pages = {181302},
publisher = {American Physical Society},
      doi = {10.1103/PhysRevLett.119.181302},
}

@ARTICLE{2017arXiv171108999K,
   author = {{Kimball}, D.~F.~J. and others},
    title = "{Overview of the Cosmic Axion Spin Precession Experiment (CASPEr)}",
collaboration = {CASPEr Collaboration},
  journal = {\arxiv},
archivePrefix = "arXiv",
   eprint = {1711.08999},
 primaryClass = "physics.ins-det",
 keywords = {Physics - Instrumentation and Detectors, High Energy Physics - Experiment, High Energy Physics - Phenomenology},
     year = 2017,
    month = nov,
   adsurl = {http://adsabs.harvard.edu/abs/2017arXiv171108999K},
  adsnote = {Provided by the SAO/NASA Astrophysics Data System}
}

@ARTICLE{Goetzke2017,
   author = {{Goetzke}, L.~W. and {Aprile}, E. and {Anthony}, M. and {Plante}, G. and 
	{Weber}, M.},
    title = "{Measurement of light and charge yield of low-energy electronic recoils in liquid xenon}",
  journal = {\prd},
archivePrefix = "arXiv",
   eprint = {1611.10322},
 primaryClass = "astro-ph.IM",
     year = 2017,
    month = nov,
   volume = 96,
   number = 10,
      eid = {103007},
    pages = {103007},
      doi = {10.1103/PhysRevD.96.103007},
   adsurl = {http://adsabs.harvard.edu/abs/2017PhRvD..96j3007G},
  adsnote = {Provided by the SAO/NASA Astrophysics Data System}
}

@ARTICLE{Aprile2017f,
   author = {{Aprile}, E. and others},
    title = "{First Dark Matter Search Results from the XENON1T Experiment}",
collaboration = {XENON Collaboration},
  journal = {\prl},
archivePrefix = "arXiv",
   eprint = {1705.06655},
     year = 2017,
    month = nov,
   volume = 119,
   number = 18,
      eid = {181301},
    pages = {181301},
      doi = {10.1103/PhysRevLett.119.181301},
   adsurl = {http://adsabs.harvard.edu/abs/2017PhRvL.119r1301A},
  adsnote = {Provided by the SAO/NASA Astrophysics Data System}
}

@ARTICLE{MOSCAB2017,
   author = {{Antonicci}, A. and others},
    title = "{MOSCAB: a geyser-concept bubble chamber to be used in a dark matter search}",
  journal = {\epjc},
     year = 2017,
    month = nov,
   volume = 77,
      eid = {752},
    pages = {752},
      doi = {10.1140/epjc/s10052-017-5313-8},
   adsurl = {http://adsabs.harvard.edu/abs/2017EPJC...77..752A},
  adsnote = {Provided by the SAO/NASA Astrophysics Data System}
}

@ARTICLE{Aprile2017c,
   author = {{Aprile}, E. and others},
    title = "{Material radioassay and selection for the XENON1T dark matter experiment}",
collaboration = {XENON Collaboration},
  journal = {\epjc},
archivePrefix = "arXiv",
   eprint = {1705.01828},
 primaryClass = "physics.ins-det",
     year = 2017,
    month = dec,
   volume = 77,
      eid = {890},
    pages = {890},
      doi = {10.1140/epjc/s10052-017-5329-0},
   adsurl = {http://adsabs.harvard.edu/abs/2017EPJC...77..890A},
  adsnote = {Provided by the SAO/NASA Astrophysics Data System}
}

@ARTICLE{LUX2017d,
   author = {{Akerib}, D.~S. and others},
    title = "{$^{\mathrm{83m}}$Kr calibration of the 2013 LUX dark matter search}",
collaboration = {LUX Collaboration},
  journal = {\prd},
     year = 2017,
    month = dec,
   volume = 96,
   number = 11,
      eid = {112009},
    pages = {112009},
      doi = {10.1103/PhysRevD.96.112009},
   adsurl = {http://adsabs.harvard.edu/abs/2017PhRvD..96k2009A},
  adsnote = {Provided by the SAO/NASA Astrophysics Data System}
}

@ARTICLE{Aprile2017g,
   author = {{Aprile}, E. and others},
    title = "{Search for bosonic super-WIMP interactions with the XENON100 experiment}",
collaboration = {XENON Collaboration},
  journal = {\prd},
archivePrefix = "arXiv",
   eprint = {1709.02222},
     year = 2017,
    month = dec,
   volume = 96,
   number = 12,
      eid = {122002},
    pages = {122002},
      doi = {10.1103/PhysRevD.96.122002},
   adsurl = {http://adsabs.harvard.edu/abs/2017PhRvD..96l2002A},
  adsnote = {Provided by the SAO/NASA Astrophysics Data System}
}

@ARTICLE{Aprile2017b,
   author = {{Aprile}, E. and others},
    title = "{The XENON1T dark matter experiment}",
collaboration = {XENON Collaboration},
  journal = {\epjc},
archivePrefix = "arXiv",
   eprint = {1708.07051},
 primaryClass = "astro-ph.IM",
     year = 2017,
    month = dec,
   volume = 77,
      eid = {881},
    pages = {881},
      doi = {10.1140/epjc/s10052-017-5326-3},
   adsurl = {http://adsabs.harvard.edu/abs/2017EPJC...77..881A},
  adsnote = {Provided by the SAO/NASA Astrophysics Data System}
}

@ARTICLE{DEAP2017,
   author = {{Amaudruz}, P.~A. and others},
    title = "{Design and Construction of the DEAP-3600 Dark Matter Detector}",
  journal = {\arxiv},
archivePrefix = "arXiv",
   eprint = {1712.01982},
 primaryClass = "astro-ph.IM",
 keywords = {Astrophysics - Instrumentation and Methods for Astrophysics, High Energy Physics - Experiment},
     year = 2017,
    month = dec,
   adsurl = {http://adsabs.harvard.edu/abs/2017arXiv171201982A},
  adsnote = {Provided by the SAO/NASA Astrophysics Data System}
}

@ARTICLE{LUX2017c,
   author = {{Akerib}, D.~S. and others},
    title = "{Ultralow energy calibration of LUX detector using $^{127}$Xe electron capture}",
  journal = {\prd},
     year = 2017,
    month = dec,
   volume = 96,
   number = 11,
      eid = {112011},
    pages = {112011},
      doi = {10.1103/PhysRevD.96.112011},
   adsurl = {http://adsabs.harvard.edu/abs/2017PhRvD..96k2011A},
  adsnote = {Provided by the SAO/NASA Astrophysics Data System}
}

@online{Berger2018a,
   author = {{Berger}, M.~J. and {Coursey}, J.~S. and {Zucker}, M.~A. and {Chang}, J.},
    title = "{ESTAR, PSTAR, and ASTAR: Computer Programs for Calculating Stopping-Power and Range Tables for Electrons, Protons, and Helium Ions (version 1.2.3)}",
      url = {https://physics.nist.gov/Star},
     year = 2017,
     urldate = {2018-01-16}
}

@online{Berger2018b,
   author = {{Berger}, M.~J. and others},
    title = "{XCOM: Photon Cross Sections Database}",
      url = {https://www.nist.gov/pml/xcom-photon-cross-sections-database},
     year = 2010,
  urldate = {2018-01-16},
      doi = {https://dx.doi.org/10.18434/T48G6X}
}

@online{CHROMacademy,
   author = {{CHROMacademy}},
      url = {http://www.chromacademy.com/lms/sco736/images/09-Photomultiplier-tube.jpg},
  urldate = {2018-01-29}
}

@ARTICLE{Lang2018,
   author = {{Lang}, R.~F. and others},
    title = "{Characterization of a deuterium-deuterium plasma fusion neutron generator}",
  journal = {\nimpra},
archivePrefix = "arXiv",
   eprint = {1705.04741},
 primaryClass = "physics.ins-det",
 keywords = {Neutron generator, Deuterium-deuterium fusion, Inertial electrostatic confinement},
     year = 2018,
    month = jan,
   volume = 879,
    pages = {31-38},
      doi = {10.1016/j.nima.2017.10.001},
   adsurl = {http://adsabs.harvard.edu/abs/2018NIMPA.879...31L},
  adsnote = {Provided by the SAO/NASA Astrophysics Data System}
}

@ARTICLE{NEWSG2018,
   author = {{Arnaud}, Q. and others},
    title = "{First results from the NEWS-G direct dark matter search experiment at the LSM}",
collaboration = {NEWS-G Collaboration},
  journal = {\app},
archivePrefix = "arXiv",
   eprint = {1706.04934},
 primaryClass = "astro-ph.IM",
 keywords = {Spherical proportional counter, Dark matter, Direct detection, Low-mass WIMPs},
     year = 2018,
    month = jan,
   volume = 97,
    pages = {54-62},
      doi = {10.1016/j.astropartphys.2017.10.009},
   adsurl = {http://adsabs.harvard.edu/abs/2018APh....97...54A},
  adsnote = {Provided by the SAO/NASA Astrophysics Data System}
}

@ARTICLE{CASPEr2018,
   author = {{Garcon}, A. and others},
    title = "{The cosmic axion spin precession experiment (CASPEr): a dark-matter search with nuclear magnetic resonance}",
collaboration = {CASPEr Collaboration},
  journal = {\qst},
archivePrefix = "arXiv",
   eprint = {1707.05312},
 primaryClass = "physics.ins-det",
     year = 2018,
    month = jan,
   volume = 3,
   number = 1,
    pages = {014008},
      doi = {10.1088/2058-9565/aa9861},
   adsurl = {http://adsabs.harvard.edu/abs/2018QS%26T....3a4008G},
  adsnote = {Provided by the SAO/NASA Astrophysics Data System}
}

@ARTICLE{EXO2018,
   author = {{Albert}, J.~B. and others},
    title = "{Search for Neutrinoless Double-Beta Decay with the Upgraded EXO-200 Detector}",
collaboration = {EXO-200 Collaboration},
  journal = {\prl},
archivePrefix = "arXiv",
   eprint = {1707.08707},
 primaryClass = "hep-ex",
     year = 2018,
    month = feb,
   volume = 120,
   number = 7,
      eid = {072701},
    pages = {072701},
      doi = {10.1103/PhysRevLett.120.072701},
   adsurl = {http://adsabs.harvard.edu/abs/2018PhRvL.120g2701A},
  adsnote = {Provided by the SAO/NASA Astrophysics Data System}
}

@online{Wikimedia2018a,
   author = {{Wikimedia Commons}},
    title = "{Decay Chain of Thorium-232}",
     year = 2017,
      url = {https://commons.wikimedia.org/wiki/File:Decay_Chain_of_Thorium-232.svg},
  urldate = {2018-02-26}
}

@online{Wikimedia2018b,
   author = {{Wikimedia Commons}},
    title = "{Decay Chain of Uranium-238}",
     year = 2017,
      url = {https://commons.wikimedia.org/wiki/File:Decay_Chain_of_Uranium-238.svg},
  urldate = {2018-02-26}
}

@ARTICLE{Li2018,
   author = {{Li}, P. and {Lelli}, F. and {McGaugh}, S. and {Schormbert}, J.
	},
    title = "{Fitting the Radial Acceleration Relation to Individual SPARC Galaxies}",
  journal = {\arxiv},
archivePrefix = "arXiv",
   eprint = {1803.00022},
 keywords = {Astrophysics - Astrophysics of Galaxies, Astrophysics - Cosmology and Nongalactic Astrophysics},
     year = 2018,
    month = feb,
   adsurl = {http://adsabs.harvard.edu/abs/2018arXiv180300022L},
  adsnote = {Provided by the SAO/NASA Astrophysics Data System}
}

@ARTICLE{DarkSide2018a,
   author = {{Agnes}, P. and others},
    title = "{DarkSide-50 532-day Dark Matter Search with Low-Radioactivity Argon}",
collaboration = {The DarkSide Collaboration},
  journal = {\arxiv},
archivePrefix = "arXiv",
   eprint = {1802.07198},
 keywords = {Astrophysics - Cosmology and Nongalactic Astrophysics, Astrophysics - Instrumentation and Methods for Astrophysics},
     year = 2018,
    month = feb,
   adsurl = {http://adsabs.harvard.edu/abs/2018arXiv180207198T},
  adsnote = {Provided by the SAO/NASA Astrophysics Data System}
}

@ARTICLE{Ogiya2017,
   author = {{Ogiya}, G. and {Hahn}, O.},
    title = "{What sets the central structure of dark matter haloes?}",
  journal = {\mnras},
archivePrefix = "arXiv",
   eprint = {1707.07693},
 keywords = {methods: numerical, dark matter},
     year = 2018,
    month = feb,
   volume = 473,
    pages = {4339-4359},
      doi = {10.1093/mnras/stx2639},
   adsurl = {http://adsabs.harvard.edu/abs/2018MNRAS.473.4339O},
  adsnote = {Provided by the SAO/NASA Astrophysics Data System}
}

@ARTICLE{2017Anthony,
   author = {{Anthony}, M. and {Aprile}, E. and {Grandi}, L. and {Lin}, Q. and 
	{Saldanha}, R.},
    title = "{Characterization of photomultiplier tubes with a realistic model through GPU-boosted simulation}",
  journal = {\jinst},
archivePrefix = "arXiv",
   eprint = {1710.00219},
 primaryClass = "astro-ph.IM",
     year = 2018,
    month = feb,
   volume = 13,
    pages = {T02011},
      doi = {10.1088/1748-0221/13/02/T02011},
   adsurl = {http://adsabs.harvard.edu/abs/2018JInst..13.2011A},
  adsnote = {Provided by the SAO/NASA Astrophysics Data System}
}

@ARTICLE{LZ2018,
   author = {{Akerib}, D.~S. and others},
    title = "{Projected WIMP sensitivity of the LUX-ZEPLIN (LZ) dark matter experiment}",
  journal = {\arxiv},
archivePrefix = "arXiv",
   eprint = {1802.06039},
 primaryClass = "astro-ph.IM",
 keywords = {Astrophysics - Instrumentation and Methods for Astrophysics, Astrophysics - Cosmology and Nongalactic Astrophysics, High Energy Physics - Experiment, Physics - Instrumentation and Detectors},
     year = 2018,
    month = feb,
   adsurl = {http://adsabs.harvard.edu/abs/2018arXiv180206039A},
  adsnote = {Provided by the SAO/NASA Astrophysics Data System}
}

@ARTICLE{VanDokkum2018a,
   author = {{van Dokkum}, P. and others},
    title = "{A galaxy lacking dark matter}",
  journal = {\nat},
archivePrefix = "arXiv",
   eprint = {1803.10237},
     year = 2018,
    month = mar,
   volume = 555,
    pages = {629-632},
      doi = {10.1038/nature25767},
   adsurl = {http://adsabs.harvard.edu/abs/2018Natur.555..629V},
  adsnote = {Provided by the SAO/NASA Astrophysics Data System}
}

@ARTICLE{DarkSide2018c,
   author = {{Aalseth}, C.~E. and others},
    title = "{DarkSide-20k: A 20 tonne two-phase LAr TPC for direct dark matter detection at LNGS}",
collaboration = {The DarkSide Collaboration},
  journal = {\epjp},
archivePrefix = "arXiv",
   eprint = {1707.08145},
 primaryClass = "physics.ins-det",
     year = 2018,
    month = mar,
   volume = 133,
      eid = {131},
    pages = {131},
      doi = {10.1140/epjp/i2018-11973-4},
   adsurl = {http://adsabs.harvard.edu/abs/2018EPJP..133..131A},
  adsnote = {Provided by the SAO/NASA Astrophysics Data System}
}

@ARTICLE{VanDokkum2018b,
   author = {{van Dokkum}, P. and others},
    title = "{An Enigmatic Population of Luminous Globular Clusters in a Galaxy Lacking Dark Matter}",
  journal = {\apjl},
archivePrefix = "arXiv",
   eprint = {1803.10240},
 keywords = {galaxies: evolution, galaxies: structure },
     year = 2018,
    month = apr,
   volume = 856,
      eid = {L30},
    pages = {L30},
      doi = {10.3847/2041-8213/aab60b},
   adsurl = {http://adsabs.harvard.edu/abs/2018ApJ...856L..30V},
  adsnote = {Provided by the SAO/NASA Astrophysics Data System}
}

@article{ADMX2018,
  title = {Search for Invisible Axion Dark Matter with the Axion Dark Matter Experiment},
  author = {Du, N. and others},
  collaboration = {ADMX Collaboration},
  journal = {\prl},
  volume = {120},
  issue = {15},
  pages = {151301},
  numpages = {5},
  year = {2018},
  month = {Apr},
  publisher = {American Physical Society},
  doi = {10.1103/PhysRevLett.120.151301},
}

@ARTICLE{XMASS2018,
   author = {{XMASS Collaboration}},
    title = "{A direct dark matter search in XMASS-I}",
  journal = {\arxiv},
archivePrefix = "arXiv",
   eprint = {1804.02180},
 keywords = {Astrophysics - Cosmology and Nongalactic Astrophysics, Astrophysics - Instrumentation and Methods for Astrophysics, Physics - Instrumentation and Detectors},
     year = 2018,
    month = apr,
   adsurl = {http://adsabs.harvard.edu/abs/2018arXiv180402180X},
  adsnote = {Provided by the SAO/NASA Astrophysics Data System}
}

@ARTICLE{Moffat2018,
   author = {{Moffat}, J.~W. and {Toth}, V.~T.},
    title = "{NGC 1052-DF2 And Modified Gravity (MOG) Without Dark Matter}",
  journal = {\arxiv},
archivePrefix = "arXiv",
   eprint = {1805.01117},
 primaryClass = "gr-qc",
 keywords = {General Relativity and Quantum Cosmology, Astrophysics - Astrophysics of Galaxies},
     year = 2018,
    month = may,
   adsurl = {http://adsabs.harvard.edu/abs/2018arXiv180501117M},
  adsnote = {Provided by the SAO/NASA Astrophysics Data System}
}

@ARTICLE{Aprile2018a,
   author = {{Aprile}, E. and others},
    title = "{Signal yields of keV electronic recoils and their discrimination from nuclear recoils in liquid xenon}",
collaboration = {XENON Collaboration},
  journal = {\prd},
archivePrefix = "arXiv",
   eprint = {1709.10149},
 primaryClass = "astro-ph.IM",
     year = 2018,
    month = may,
   volume = 97,
   number = 9,
      eid = {092007},
    pages = {092007},
      doi = {10.1103/PhysRevD.97.092007},
   adsurl = {http://adsabs.harvard.edu/abs/2018PhRvD..97i2007A},
  adsnote = {Provided by the SAO/NASA Astrophysics Data System}
}

@ARTICLE{Abraham2018,
   author = {{Abraham}, R. and others},
    title = "{The Maybe Stream: A Possible Cold Stellar Stream in the Ultra-diffuse Galaxy NGC1052-DF2}",
  journal = {\rnaas},
     year = 2018,
    month = may,
   volume = 2,
      eid = {16},
    pages = {16},
      doi = {10.3847/2515-5172/aac087},
   adsurl = {http://adsabs.harvard.edu/abs/2018RNAAS...2...16A},
  adsnote = {Provided by the SAO/NASA Astrophysics Data System}
}

@ARTICLE{Bernabei2018,
   author = {{Bernabei}, R. and others},
    title = "{First model independent results from DAMA/LIBRA-phase2}",
  journal = {\arxiv},
archivePrefix = "arXiv",
   eprint = {1805.10486},
 primaryClass = "hep-ex",
 keywords = {High Energy Physics - Experiment, Astrophysics - Cosmology and Nongalactic Astrophysics, Physics - Instrumentation and Detectors},
     year = 2018,
    month = may,
   adsurl = {http://adsabs.harvard.edu/abs/2018arXiv180510486B},
  adsnote = {Provided by the SAO/NASA Astrophysics Data System}
}

@ARTICLE{Rodrigues2018,
   author = {{Rodrigues}, D.~C. and {Marra}, V. and {del Popolo}, A. and 
	{Davari}, Z.},
    title = "{Absence of a fundamental acceleration scale in galaxies}",
  journal = {\na},
archivePrefix = "arXiv",
   eprint = {1806.06803},
 keywords = {Astrophysics - Astrophysics of Galaxies, General Relativity and Quantum Cosmology},
     year = 2018,
    month = jun,
      doi = {10.1038/s41550-018-0498-9},
   adsurl = {http://adsabs.harvard.edu/abs/2018arXiv180606803R},
  adsnote = {Provided by the SAO/NASA Astrophysics Data System}
}

@ARTICLE{Demonstrator2018,
   author = {{Aprile}, E. and others},
    title = "{High speed purification of Xenon and implication for ton scale detectors}",
     year = {in prep.},
}

@online{CERN2018,
   author = {{CERN}},
    title = "{LHC experiments join forces to zoom in on the Higgs boson}",
     year = 2015,
      url = {https://home.cern/about/updates/2015/03/lhc-experiments-join-forces-zoom-higgs-boson},
  urldate = {2018-08-09}
}

@online{ESAHubbleNASA2018,
   author = {{ESA/Hubble \& NASA}},
    title = "{A Horseshoe Einstein Ring from Hubble}",
     year = 2011,
    month = dec,
      url = {https://apod.nasa.gov/apod/ap111221.html},
  urldate = {2018-08-10}
}

@online{ESO2018,
   author = {{ALMA (NRAO/ESO/NAOJ)/Luis Cal\c{c}ada (ESO)}},
    title = "{Gravitational lensing of distant star-forming galaxies (schematic)}",
     year = 2015,
    month = jun,
      url = {https://en.wikipedia.org/wiki/File:Gravitational_lensing_of_distant_star-forming_galaxies_(schematic)_-vid-.webm},
  urldate = {2018-08-10}
}

@online{NASA2018,
   author = {{NASA/JPL-Caltech/GSFC/SDSS}},
    title = "{Dwarfs in Coma Cluster}",
     year = 2007,
    month = may,
      url = {https://www.jpl.nasa.gov/spaceimages/details.php?id=PIA09561},
  urldate = {2018-08-10}
}

@online{Gendler2018,
   author = {{Gendler}, R. and {the Subaru Telescope (NAOJ) and the Hubble Legacy Archive}},
    title = "{NGC 6503, Spiral Galaxy in Draco}",
     year = 2013,
      url = {http://www.robgendlerastropics.com/NGC6503-HST-Subaru.html},
  urldate = {2018-08-10}
}

@ARTICLE{Akerib2018,
   author = {{Akerib}, D.~S. and others},
    title = "{Liquid xenon scintillation measurements and pulse shape discrimination in the LUX dark matter detector}",
  journal = {\prd},
     year = 2018,
    month = jun,
   volume = 97,
   number = 11,
      eid = {112002},
    pages = {112002},
      doi = {10.1103/PhysRevD.97.112002},
   adsurl = {http://adsabs.harvard.edu/abs/2018PhRvD..97k2002A},
  adsnote = {Provided by the SAO/NASA Astrophysics Data System}
}

@ARTICLE{SABRE2018,
   author = {{D'Imperio}, G. and others},
    title = "{Dark matter search with the SABRE experiment}",
  journal = {\arxiv},
archivePrefix = "arXiv",
   eprint = {1807.00584},
 primaryClass = "physics.ins-det",
 keywords = {Physics - Instrumentation and Detectors, High Energy Physics - Experiment},
     year = 2018,
    month = jul,
   adsurl = {http://adsabs.harvard.edu/abs/2018arXiv180700584D},
  adsnote = {Provided by the SAO/NASA Astrophysics Data System}
}

@ARTICLE{Brown2018,
   author = {{Brown}, E. and others},
    title = "{Magnetically-coupled piston pump for high-purity gas applications}",
  journal = {\epjc},
archivePrefix = "arXiv",
   eprint = {1803.08498},
 primaryClass = "physics.ins-det",
     year = 2018,
    month = jul,
   volume = 78,
      eid = {604},
    pages = {604},
      doi = {10.1140/epjc/s10052-018-6062-z},
   adsurl = {http://adsabs.harvard.edu/abs/2018EPJC...78..604B},
  adsnote = {Provided by the SAO/NASA Astrophysics Data System}
}

@MISC{NEST2018,
   author = {{Szydagis}, M. and others},
    title = "{Noble Element Simulation Technique v2.0}",
     year = 2018,
    month = jul,
  version = {2.0},
      doi = {10.5281/zenodo.1314669},
}

@ARTICLE{DEAP2018,
   author = {{Amaudruz}, P.-A. and others},
    title = "{First Results from the DEAP-3600 Dark Matter Search with Argon at SNOLAB}",
  journal = {\prl},
     year = 2018,
    month = aug,
   volume = 121,
   number = 7,
      eid = {071801},
    pages = {071801},
      doi = {10.1103/PhysRevLett.121.071801},
   adsurl = {http://adsabs.harvard.edu/abs/2018PhRvL.121g1801A},
  adsnote = {Provided by the SAO/NASA Astrophysics Data System}
}

@ARTICLE{DarkSide2018b,
   author = {{Agnes}, P. and others},
    title = "{Low-Mass Dark Matter Search with the DarkSide-50 Experiment}",
  journal = {\prl},
     year = 2018,
    month = aug,
   volume = 121,
   number = 8,
      eid = {081307},
    pages = {081307},
      doi = {10.1103/PhysRevLett.121.081307},
   adsurl = {http://adsabs.harvard.edu/abs/2018PhRvL.121h1307A},
  adsnote = {Provided by the SAO/NASA Astrophysics Data System}
}

@ARTICLE{Aprile2018b,
   author = {{Aprile}, E. and others},
    title = "{Dark Matter Search Results from a One Ton-Year Exposure of XENON1T}",
  journal = {\prl},
archivePrefix = "arXiv",
   eprint = {1805.12562},
     year = 2018,
    month = sep,
   volume = 121,
   number = 11,
      eid = {111302},
    pages = {111302},
      doi = {10.1103/PhysRevLett.121.111302},
   adsurl = {http://adsabs.harvard.edu/abs/2018PhRvL.121k1302A},
  adsnote = {Provided by the SAO/NASA Astrophysics Data System}
}

@ARTICLE{Famaey2018,
   author = {{Famaey}, B. and {McGaugh}, S. and {Milgrom}, M.},
    title = "{MOND and the dynamics of NGC 1052-DF2}",
  journal = {\mnras},
archivePrefix = "arXiv",
   eprint = {1804.04167},
 keywords = {galaxies: dwarf, dark matter},
     year = 2018,
    month = oct,
   volume = 480,
    pages = {473-476},
      doi = {10.1093/mnras/sty1884},
   adsurl = {http://adsabs.harvard.edu/abs/2018MNRAS.480..473F},
  adsnote = {Provided by the SAO/NASA Astrophysics Data System}
}

@ARTICLE{Ogiya2018,
   author = {{Ogiya}, G.},
    title = "{Tidal stripping as a possible origin of the ultra diffuse galaxy lacking dark matter}",
  journal = {\mnras},
archivePrefix = "arXiv",
   eprint = {1804.06421},
 keywords = {methods: numerical, galaxies: formation, galaxies: individual: NGC 1052-DF2, dark matter},
     year = 2018,
    month = oct,
   volume = 480,
    pages = {L106-L110},
      doi = {10.1093/mnrasl/sly138},
   adsurl = {http://adsabs.harvard.edu/abs/2018MNRAS.480L.106O},
  adsnote = {Provided by the SAO/NASA Astrophysics Data System}
}

@Online{Planck2018,
  author  = {{Planck Collaboration}},
  title   = {{Map of CMB temperature from SMICA}},
  year    = {2015},
  url     = {https://www.cosmos.esa.int/web/planck/picture-gallery},
  urldate = {2018-01-18},
}

@Comment{jabref-meta: databaseType:bibtex;}

@Comment{jabref-meta: keypatterndefault:[auth][year];}
